3086 4732
826 329 867 396 34

739 425 953 432 —--—-——-

259 551 331 594 eum
355 528 477 593 exstitit
500 527 658 615 καθάπερ
683 526 731 608 εἷς
754 527 895 614 πέλαγος
913 523 1038 612 ἀχανές.
1077 526 1141 592 sed
1158 527 1217 591 hoc
1232 528 1302 612 ipso
1319 549 1433 606 errore,

259 637 313 722 qui
336 635 376 701 ad
404 636 485 700 hanc
512 657 604 699 unam
633 635 823 699 locutionem
846 637 985 721 pertinet
1013 657 1113 719 neque
1137 635 1320 720 ampliorem
1344 634 1433 719 iguo-

259 744 391 808 rantiam
414 741 534 828 prodit,
557 743 730 807 clarissime
754 741 932 806 ostenditur
959 745 1028 828 ipsa
1052 741 1214 806 Ciceronis
1239 742 1335 806 verba
1358 742 1433 805 Plu-

258 850 366 914 tarcho
390 858 462 914 ante
486 850 593 914 oculos
617 849 726 913 fuisse.

364 957 433 1021 Iam
456 966 583 1044 transeo
607 956 647 1021 ad
671 979 725 1021 eos
748 956 836 1021 locos
860 956 974 1041 quibus
998 955 1038 1019 ad
1063 956 1219 1020 orationes
1238 955 1432 1042 Philippicas

257 1064 394 1150 respicit.
446 1065 590 1143 Quorum
621 1065 740 1150 primus
768 1071 818 1128 est
844 1064 877 1128 in
907 1064 990 1128 vitae
1013 1063 1146 1127 Antonii
1170 1085 1195 1126 c.
1220 1065 1254 1128 oz
1302 1063 1431 1130 deduci

257 1173 405 1262 Κικέρων
428 1173 461 1239 ἕν
483 1178 551 1253 τοῖς
570 1175 790 1252 Φιλιππικοῖς
814 1169 938 1261 ἔγραφε
960 1177 1015 1239 τοῦ
1038 1171 1098 1256 μὲν
1118 1173 1264 1260 Τρωϊκοῦ
1287 1170 1433 1254 πολέμου

257 1277 315 1370 τὴν
335 1275 464 1371 Ἑλένην,
488 1281 545 1346 τοῦ
568 1273 601 1346 δ’
626 1277 783 1369 ἐμφυλίου
806 1279 862 1346 τὸν
880 1273 1049 1345 ’Λντώνιον
1073 1271 1171 1367 ἀρχὴν
1194 1277 1355 1364 γενέσθαι,
1379 1278 1433 1361 qui

258 1394 381 1472 spectat
404 1385 444 1449 ad
468 1394 545 1450 orat.
561 1385 699 1472 Philipp.
715 1385 752 1449 II
769 1389 820 1464 22,
838 1389 895 1449 55:
917 1382 967 1448 ‘ut
984 1384 1111 1448 Helena
1126 1385 1280 1464 Troianis,
1304 1386 1349 1448 sic
1371 1384 1433 1447 iste

259 1493 439 1576 (Antonius)
451 1493 524 1556 huic
540 1494 585 1556 rei
601 1491 746 1578 publicae
763 1515 859 1556 causa
874 1492 973 1578 pestis
990 1500 1083 1576 atque
1100 1491 1187 1556 exitii
1204 1486 1283 1554 fuit?
1318 1491 1433 1556 Presse

257 1601 353 1685 igitur
368 1599 556 1664 Plutarchus
573 1599 734 1664 Ciceronis
751 1599 893 1684 vestigiis
917 1598 1093 1684 ingreditur
1099 1623 1108 1679 3
1131 1621 1202 1662 nam
1219 1600 1264 1662 rei
1287 1597 1432 1684 publicae

257 1709 357 1794 pestis
377 1708 492 1772 bellum
516 1707 609 1771 civile
626 1716 683 1771 est.
723 1705 786 1772 Sed
810 1730 881 1772 cum
906 1729 946 1771 ex
973 1706 1081 1793 paucis
1104 1706 1154 1770 his
1178 1706 1284 1771 verbis
1307 1705 1433 1768 Plutar-

257 1815 350 1879 chum
367 1837 435 1879 eam
453 1817 626 1879 orationem
642 1815 746 1900 ipsum
761 1815 875 1899 legisse
892 1813 1080 1879 concludere
1096 1814 1150 1877 vix
1166 1814 1269 1893 liccat,
1290 1812 1432 1878 subsidio

257 1923 346 1988 venit
373 1922 452 1987 alter
482 1923 584 2002 locuS,
614 1923 667 2007 qui
698 1921 738 1986 ad
769 1921 899 1986 eandem
929 1921 1102 1985 orationem
1126 1921 1264 2006 pertinet
1291 1921 1322 1983 in
1347 1921 1432 1985 vitae

256 2031 389 2094 Antonii
422 2052 448 2094 o.
471 2033 505 2094 9:
551 2037 638 2110 τοῖς·
652 2031 710 2114 μέν
744 2019 798 2096 οἶν
831 2032 969 2108 πολλοῖς
1002 2030 1038 2095 ἐκ
1070 2020 1190 2096 τούτων
1221 2021 1432 2120 ἀπηχθάνετο

257 2133 472 2220 (Ἀντώνιος),
496 2143 564 2216 τοῖς
586 2137 622 2203 δὲ
648 2142 797 2227 χρηστοῖς
824 2137 880 2203 καὶ
908 2133 1051 2226 σώφροσι
1077 2135 1132 2202 διδ
1160 2135 1216 2202 τδν
1240 2129 1337 2203 άλλον
1359 2135 1432 2223 βίον

257 2238 315 2312 oria
337 2234 376 2335 ἦν
399 2239 540 2331 άρεστός,
565 2239 609 2322 ὡς
624 2243 770 2331 Κικέρων
793 2241 899 2336 φησίν,
924 2237 993 2309 ἀλλ’
1018 2241 1159 2327 ἐμισεῖτο
1174 2243 1430 2330 βδελυττομένων

257 2347 355 2418 cisni
377 2351 486 2437 μέθας
508 2345 633 2437 άώρους
655 2350 712 2417 καὶ
735 2349 887 2430 δαπάνας
911 2350 1075 2433 ἐπαχθεῖς
1099 2351 1154 2416 καὶ
1179 2347 1376 2442 κυλινδήσεις
1398 2352 1432 2418 έν

256 2457 398 2545 γυναίοις
421 2459 476 2525 καὶ
498 2451 576 2542 μεθ’
601 2454 723 2547 ἡμέραν
744 2457 806 2542 μὲν
829 2451 950 2536 ὕπνους
972 2457 1029 2524 καὶ
1053 2456 1257 2547 περιπάτους
1280 2450 1432 2538 άλάοντος

257 2565 314 2633 καὶ
337 2567 592 2656 κραιπαλῶντος,
616 2563 738 2652 νύκτωρ
762 2565 802 2632 δὲ
817 2562 944 2650 κώμους
968 2565 1024 2631 καὶ
1040 2565 1165 2652 θέατρα
1189 2565 1245 2632 καὶ
1265 2563 1432 2656 διατριβάς

257 2673 289 2740 ἐν
312 2672 427 2760 γάμοις
449 2671 559 2759 μίμων
582 2673 638 2740 καὶ
661 2675 895 2759 γελωτοποιῶν.
947 2671 1040 2749 Quae
1067 2671 1220 2736 hocloco
1243 2672 1432 2736 Plutarchus

257 2780 396 2845 breviter
412 2780 551 2865 exponit,
575 2788 717 2862 utquam
733 2778 889 2842 nefastam
906 2786 939 2842 et
954 2778 1117 2842 scelestam
1135 2779 1291 2842 Antonius
1307 2775 1431 2860 degerit

257 2888 355 2953 vitam
380 2885 540 2965 ostendat,
569 2907 606 2948 ea
629 2884 690 2948 late
715 2883 847 2968 fuseque
872 2884 983 2949 Cicero
1013 2886 1043 2949 in
1072 2887 1169 2951 altera
1191 2883 1329 2948 oratione
1352 2882 1428 2945 Phi·

256 2995 372 3081 lippica
395 2992 603 3079 persequitur,
626 2990 670 3054 ita
693 2998 729 3054 ut
743 2991 930 3056 Plutarchus
955 3015 994 3056 ex
1017 2993 1229 3078 compluribus
1251 2989 1329 3054 locis
1346 3011 1430 3054 sum-

256 3124 338 3164 mam
363 3101 407 3164 rei
432 3100 570 3164 breviter
586 3097 731 3163 videatur
754 3100 958 3185 excerpsisse.
1004 3100 1096 3176 Quae
1119 3121 1189 3162 cum
1214 3099 1256 3162 sit
1279 3096 1430 3161 hocloco

257 3207 324 3272 eins
348 3207 437 3286 ratio,
461 3206 573 3268 mirum
597 3227 658 3269 non
684 3214 734 3270 est
756 3206 841 3291 quod
865 3229 926 3270 non
947 3214 1010 3269 tam
1027 3204 1123 3269 verba
1139 3226 1232 3288 quam
1248 3204 1349 3288 ipsam
1365 3225 1429 3267 rem

257 3338 274 3379 e
298 3314 451 3379 Cicerone
475 3320 635 3377 mutuatus
664 3322 720 3378 est.
766 3313 840 3377 Hoc
870 3313 973 3397 ipsum
997 3317 1100 3374 autem
1124 3311 1198 3394 quin
1223 3331 1430 3394 magnacum

258 3444 332 3486 cura
355 3443 391 3485 ao
415 3420 578 3506 diligentia
600 3420 713 3485 fecerit
735 3419 864 3483 dubium
889 3439 950 3480 non
975 3425 1032 3481 est
1070 3416 1183 3485 Verba
1206 3419 1289 3480 enim
1313 3424 1381 3498 τοῖς
1395 3418 1431 3485 δὲ

254 3535 404 3620 χρηστοῖς
426 3535 482 3596 καῖ
505 3525 647 3619 σώφροσι
672 3524 728 3594 διὰ
750 3525 807 3593 τὸν
836 3519 932 3593 άλλον
954 3524 1026 3612 βίον
1050 3517 1107 3594 οὐκ
1130 3517 1167 3617 ἦν
1190 3520 1334 3616 ἀρεστός,
1358 3519 1425 3591 ἀλλ’

257 3638 399 3723 ἐμισεῖτο
423 3636 500 3700 haec
517 3635 680 3700 Ciceronis
698 3635 749 3712 26,
766 3635 807 3696 65
832 3632 984 3698 reddunt:
1007 3627 1125 3696 ‘tantus
1149 3632 1245 3717 igitur
1267 3639 1298 3696 te
1318 3639 1429 3717 stupor

255 3745 515 3830 oppressit
539 3751 576 3806 ut
603 3764 665 3806 non
689 3749 720 3805 te
745 3749 940 3806 exsecratum
963 3738 1080 3826 populo
1104 3739 1257 3819 Romano,
1287 3761 1349 3802 non
1374 3737 1428 3802 de

256 3851 448 3930 testahilcm,
478 3874 540 3914 non
571 3850 671 3914 omnis
700 3849 757 3913 tibi
789 3847 880 3928 deOS,
910 3869 972 3910 uon
998 3847 1099 3911 omnis
1126 3847 1270 3910 homiues
1299 3853 1332 3910 et
1359 3866 1427 3909 esse

255 3957 398 4022 inimicos
422 3965 455 4022 et
477 3958 600 4022 futuros
624 3950 739 4020 soias‘l'
786 3955 955 4019 Praeterea
983 3963 1015 4019 et
1042 3954 1135 4020 haee:
1173 3953 1427 4041 βδελυττομένων

255 4061 355 4134 αὐτοῦ
378 4067 487 4152 μέθας
511 4059 633 4153 άώροος
655 4063 712 4131 καὶ
728 4058 880 4142 δαπάνας
900 4063 1060 4146 ἐπαχθεῖς
1080 4085 1119 4126 cx
1135 4059 1287 4125 Cicerone
1303 4067 1428 4144 sumpta

255 4182 342 4256 sunt,
373 4172 425 4259 qui
453 4174 504 4252 27,
529 4173 568 4234 67
602 4169 743 4234 Antonio
774 4169 891 4234 obiecit
920 4168 1004 4254 quod
1036 4167 1119 4233 domi
1151 4168 1218 4232 cius
1246 4175 1331 4232 totos
1359 4165 1426 4229 dies
