3086 4732
270 1311 328 1440 P
330 1375 490 1440 lutarchus
519 1376 632 1462 quihus
661 1376 843 1440 auctoribus
872 1399 946 1441 usus
977 1383 1062 1440 esset
1086 1383 1120 1438 ut
1143 1375 1343 1461 explorarent

170 1481 230 1545 iam
255 1483 343 1546 multi
361 1477 421 1547 viri
445 1482 530 1547 docti
554 1506 680 1570 operam
705 1492 869 1548 naverunt.
908 1482 972 1548 Sed
996 1505 1065 1546 cum
1090 1483 1260 1568 scriptores
1280 1504 1342 1545 non

169 1589 270 1652 solum
287 1589 438 1669 Graecae,
463 1592 682 1655 verumetiam
698 1592 831 1655 Latinos
847 1613 881 1655 se
898 1599 1040 1655 secutum
1064 1612 1133 1654 esse
1152 1590 1343 1675 profiteatur,

169 1719 241 1759 eum
264 1696 388 1780 linguae
412 1697 545 1761 Latinae
569 1699 623 1761 vix
646 1706 811 1783 tantopere
834 1721 964 1783 gnarum
992 1697 1092 1762 fuisse
1115 1703 1151 1759 nt
1174 1718 1242 1759 eam
1266 1697 1342 1759 satis

170 1802 367 1885 intellegeret
389 1804 478 1865 multi
497 1805 555 1867 viri
571 1803 666 1882 docti,
682 1827 699 1867 e
715 1805 829 1888 quibus
844 1804 1027 1868 Heerenum
1037 1808 1056 1883 ¹,
1076 1802 1343 1881 Volkmannum2,

171 1907 398 1972 Glaesserum3
428 1909 610 1974 nominatim
635 1910 746 1988 affere,
776 1909 1019 1988 contenderunt,
1047 1911 1120 1994 quia
1147 1925 1218 1972 cum
1246 1909 1344 1972 multa

171 2014 359 2079 Plutarchus
389 2039 499 2102 parum
530 2016 737 2094 intellexisset
766 2025 832 2080 tum
863 2039 897 2080 se
925 2016 1078 2080 sermonis
1106 2015 1213 2079 Latini
1240 2017 1344 2079 miuus

168 2145 298 2206 gnarum
328 2145 398 2187 esse
426 2123 494 2208 ipsc
523 2124 728 2209 profiteretur.
780 2125 831 2186 Ac
861 2122 1003 2209 prolecto
1034 2124 1237 2187 inveniuntur
1264 2145 1344 2207 quae

169 2251 333 2315 perperam
368 2232 539 2316 acceperit,
579 2231 669 2294 cuius
705 2231 829 2316 generis
865 2230 1025 2316 complura
1060 2230 1204 2316 exempla
1238 2229 1344 2294 attulit

170 2335 369 2422 Siclringer43
393 2361 455 2422 qua
478 2347 582 2401 tamen
607 2360 639 2402 re
663 2337 723 2402 hoc
746 2346 868 2401 tantum
893 2338 1043 2424 probatur
1058 2336 1262 2402 Plutarchum
1279 2359 1344 2401 ser-

169 2443 271 2507 monis
295 2444 400 2507 Latini
424 2467 486 2508 nou
511 2445 590 2509 adeo
619 2445 753 2530 peritum
782 2445 882 2509 fuisse
910 2452 945 2508 ut
968 2445 1069 2508 omnis
1093 2446 1206 2508 erroris
1230 2467 1343 2530 expers

170 2558 262 2612 esset.
300 2550 345 2613 Et
367 2552 435 2635 ipse
453 2551 617 2635 Sickinger
636 2551 753 2615 ibidem
770 2552 918 2616 nonnulla
938 2553 968 2615 in
988 2552 1102 2636 quibus
1119 2573 1239 2615 errasse
1256 2551 1343 2615 visus

171 2655 213 2716 sit
232 2655 261 2718 ei
276 2655 389 2718 iniuria
405 2656 528 2720 obiecta
544 2678 614 2720 esse
634 2657 781 2721 ostendit.
820 2657 917 2734 Quod
935 2679 1010 2721 vero
1027 2681 1044 2721 c
1060 2657 1220 2721 Plutarchi
1237 2658 1342 2721 verbis

171 2783 242 2824 cum
273 2761 460 2847 scriptorum
491 2763 675 2827 Latinorum
708 2765 880 2828 sententias
912 2787 973 2827 non
1004 2785 1113 2828 omnes
1143 2766 1343 2848 perspexisse

170 2867 330 2953 colligunt,
346 2892 507 2955 perperam
524 2871 710 2956 intellegunt
726 2870 810 2936 vitae
822 2870 1049 2935 Demosthenis
1065 2893 1090 2934 c.
1104 2875 1122 2934 2
1140 2869 1218 2934 haec
1234 2869 1343 2933 verba:

171 2967 238 3055 άιμὲ
261 3003 341 3054 ποτε
371 2978 426 3042 καὶ
457 2976 571 3065 πόρρω
602 2984 656 3068 τῆς
683 2976 813 3069 ἡλικίας
841 2972 1009 3068 ἠρξάμεθα
1029 2975 1218 3063 Ῥωμαϊκοῖς
1241 2975 1342 3066 γράμ-

169 3105 270 3166 μασιν
301 3080 510 3169 ἐντυγχάνειν.
542 3085 596 3150 καὶ
629 3091 763 3173 πράγμα
794 3082 987 3169 θαυμαστὸν
1017 3086 1089 3170 μέν,
1121 3077 1189 3151 άλλ)
1222 3079 1344 3177 ἀληθὲς

171 3186 366 3274 ἐπάσχομεν.
396 3182 433 3256 οὗ
456 3190 515 3279 γάρ
540 3185 641 3270 οὕτωςι
664 3191 701 3258 ἐν.
723 3195 787 3258 τῶν
811 3184 977 3277 ὀνομάτων
1004 3191 1044 3258 τά
1068 3190 1246 3280 πράγματα
1271 3217 1342 3258 συν-

171 3295 254 3362 ιέναι
287 3297 343 3363 καὶ
378 3297 539 3386 γνωρίζειν
573 3299 755 3385 συνέβαινεν
792 3297 868 3390 ἡμῖν
898 3295 943 3379 ὡς
973 3299 1010 3366 ἐκ
1044 3302 1108 3366 τῶν
1143 3297 1342 3388 πραγμάτιον

171 3397 261 3488 ἁμῶς
288 3404 324 3491 γέ
347 3432 420 3484 πως
443 3403 572 3490 εἴχομεν
601 3405 775 3493 ἐμπειρίας
797 3405 1041 3474 ἐπακολουθεῖν
1072 3406 1127 3473 διά
1157 3411 1255 3472 ταῦτα
1287 3407 1342 3473 καὶ

169 3517 237 3590 τοῖς
270 3503 416 3596 ὀνόμασι.
450 3509 587 3592 κάλλους
619 3513 655 3579 <lt
685 3509 868 3603 Ῥωμαὶὶιῆς
901 3508 1103 3602 ἀπαγγελίας
1137 3513 1193 3580 καί
1227 3510 1343 3596 τάχους

279 3689 287 3717 ¹
307 3689 560 3743 Commentationes
579 3688 622 3743 IV
646 3689 680 3742 de
703 3690 827 3744 lontibus
850 3695 878 3744 et
900 3691 1065 3745 auctoritate
1084 3691 1202 3744 vitarum
1226 3691 1342 3761 paralle-

169 3777 257 3830 lm'um
277 3777 428 3832 Plutarchi.
669 3821 671 3826 .

277 3868 287 3896 2
305 3867 409 3934 Leben‚
424 3868 563 3922 Schriften
575 3869 633 3922 und
643 3869 821 3940 Philosophie
830 3869 878 3924 des
888 3870 1021 3924 Plutarch
1031 3887 1084 3925 von
1097 3869 1256 3925 Chaeronea
1265 3873 1340 3941 p.35.

277 3956 287 3985 ³
306 3957 449 4028 Leipziger
468 3957 583 4011 Studien
604 3957 647 4012 IV
665 3961 680 4011 1
701 3976 727 4029 p.
742 3959 794 4013 209
809 3977 867 4030 sqq.

275 4046 349 4100 4De
373 4046 485 4117 linguae
510 4046 627 4101 Latinae
655 4047 730 4118 apud
756 4048 936 4103 Plutarchum
965 4054 994 4103 et
1019 4049 1141 4121 reliquiis
1167 4054 1195 4102 et
1220 4048 1340 4118 vestigiis

169 4156 194 4208 p.
211 4140 246 4192 64
263 4152 321 4206 sqq.
