3086 4732
620 417 633 420 ..
691 321 732 386 29

229 519 298 584 lam
322 527 448 583 transeo
472 516 512 582 ad
528 517 691 583 Ciceronis
707 517 870 604 epistulas,
893 539 1023 602 quarum
1040 515 1200 602 complura
1215 511 1298 601 apud

122 627 326 693 Plutarchum
351 633 425 689 sunt
442 627 584 710 vestigia.
623 626 673 688 Ac
690 627 826 710 primum
851 623 980 709 quidem
1004 646 1043 686 ex
1059 623 1203 709 epistulis
1219 645 1299 708 qnae

122 735 163 800 ad
187 735 329 798 Atticum
355 734 490 818 scriptae
515 739 588 796 sunt
620 733 650 795 in
682 733 767 796 vitae
790 731 960 794 Phocionis
985 735 1047 794 αδ
1078 729 1139 794 hoo
1162 729 1299 816 profert:

122 839 191 910 ἀλλ’
218 838 236 909 ὁ
259 843 317 926 μὲν
341 841 490 927 Κικέρων
513 839 612 930 μησὶν
636 833 734 906 αὐτὸν
758 836 929 922 (Κοῖττσνα)
954 832 1064 925 ὥσπερ
1089 838 1121 904 ἐν
1143 843 1183 927 τῇ
1206 836 1299 903 Πλά-

126 977 222 1030 τωνος
252 945 406 1035 ιτολιτείμ
437 947 491 1014 καὶ
523 945 582 1014 οὖν.
612 948 646 1012 ἓν
677 949 714 1036 τῇ
741 942 905 1032 Ῥωμύλου
934 943 1186 1030 πολιτευόμενον
1217 940 1301 1012 ὑπο-

125 1049 259 1145 στάθμῃ
291 1061 343 1144 τῆς
372 1049 533 1132 {macuta
561 1054 720 1120 ἐκπεσεῖν.
770 1052 845 1117 Ηοο
873 1052 955 1116 enirn
987 1049 1151 1116 Ciceronis
1181 1050 1301 1114 dictum

127 1171 177 1226 est
199 1165 231 1225 in
255 1161 316 1247 Ep.
339 1159 377 1224 ad
401 1161 468 1225 Au.
491 1159 529 1223 ΙΙ
553 1165 581 1239 1,
606 1164 642 1224 8:
673 1157 740 1223 ‘ille
763 1159 857 1242 (Cato
881 1161 992 1240 minor)
1021 1166 1115 1222 nocet
1143 1156 1301 1222 interdum

127 1270 171 1333 rei
200 1267 358 1354 publicae;
391 1265 468 1331 dicit
498 1267 580 1331 enim
611 1276 770 1353 tamquam
802 1269 834 1329 in
857 1265 1000 1330 Platonis
1029 1263 1206 1356 srclrrelq„
1238 1286 1300 1328 non

126 1386 283 1460 tamquam
309 1375 339 1437 in
364 1373 491 1438 Romuli
521 1374 608 1440 faece
634 1366 842 1438 sententiam'
888 1372 1015 1450 Quibus
1043 1380 1147 1436 autem
1181 1380 1302 1458 postre-

123 1485 184 1547 mis
215 1481 330 1546 Cicero
361 1484 459 1545 utitur
489 1480 612 1561 verbis,
636 1504 673 1545 ea
696 1480 884 1545 Plutarchus
915 1480 959 1544 ita
988 1478 1183 1544 adverbum
1207 1479 1303 1544 vertit

123 1599 160 1654 ut
191 1590 287 1654 etiarn
320 1587 429 1653 eadem
462 1589 667 1653 translatione
701 1597 815 1652 utatur.
861 1587 965 1665 Quam
999 1587 1040 1651 ob
1070 1609 1135 1651 rem
1167 1587 1301 1651 maxime

126 1695 260 1760 offendit
281 1694 366 1781 quod
391 1696 421 1759 in
439 1695 595 1782 prioribus
613 1718 631 1759 a
647 1694 801 1760 Cicerone
817 1693 897 1759 adeo
914 1693 1074 1780 discrepat
1096 1703 1132 1757 ut
1148 1693 1302 1758 Catonem

129 1802 354 1867 consuetudine
384 1802 481 1866 libere
512 1801 637 1866 dicendi
669 1824 730 1865 non
761 1802 907 1866 nocuisse
937 1801 982 1864 rei
1011 1800 1168 1886 publicae,
1198 1800 1254 1864 sed
1285 1823 1302 1865 e

130 1910 291 1973 consulatu
326 1909 483 1974 excidisse
523 1909 615 1973 dicat.
675 1911 825 1974 Attamen
865 1930 916 1972 res
955 1907 1137 1971 facillimam
1176 1906 1303 1971 videtur

130 2016 368 2102 explicationem
400 2016 529 2096 habere,
562 2016 589 2080 si
620 2015 824 2080 Plutarchum
856 2014 940 2078 hunc
970 2014 1072 2078 locum
1105 2036 1123 2078 e
1153 2015 1304 2078 memoria

129 2123 325 2188 transtulisse
356 2124 532 2188 statuimus.
577 2123 704 2188 Etenim
737 2145 775 2188 eo
805 2122 905 2208 magis
935 2123 964 2186 ei
995 2122 1026 2185 in
1057 2129 1206 2208 promptu
1237 2127 1304 2185 erat

127 2230 314 2296 Ciceronem
344 2231 499 2296 dicentem
529 2231 635 2296 iacere
659 2231 812 2296 Catonem
843 2231 875 2294 in
906 2228 1044 2316 petendo
1068 2229 1231 2294 consulatu
1254 2252 1303 2294 re-

127 2339 249 2424 pulsam
266 2339 376 2403 tulisse
393 2338 478 2424 quod
494 2361 534 2403 ex
550 2339 644 2403 animi
664 2347 697 2402 et
712 2339 865 2402 sermonis
881 2337 1025 2402 libertate
1046 2335 1079 2400 id
1100 2337 1128 2401 ei
1150 2335 1302 2402 accidisse

128 2447 250 2532 ipsein
276 2449 344 2511 eius
368 2447 452 2510 vitae
475 2469 501 2510 c.
526 2450 568 2510 49
593 2447 739 2510 narravit.
786 2445 957 2530 Utcunque
981 2452 1038 2524 est,
1066 2444 1228 2509 dissensus
1251 2445 1303 2509 ille

132 2575 193 2616 non
216 2563 265 2617 est
288 2554 318 2616 in
344 2553 449 2618 uerbis
473 2574 570 2638 prave
593 2552 769 2631 intellectis,
793 2551 850 2615 sed
874 2553 904 2615 in
928 2552 1022 2616 rebus
1046 2552 1240 2637 permutatis

240 2660 328 2724 Alter
350 2683 390 2723 ex
413 2658 526 2724 iisdem
554 2659 698 2744 epistulis
726 2659 813 2722 locus
842 2657 972 2722 affertur
994 2659 1026 2721 in
1051 2660 1135 2722 vitae
1158 2658 1303 2744 Pompeii

132 2788 157 2829 c.
175 2768 232 2831 63:
256 2765 400 2835 αἰτιᾶται
425 2768 479 2834 κατ’
504 2767 654 2853 Κικέρων
677 2763 748 2848 (τὸν
772 2756 969 2855 Πομπήιον)
993 2760 1043 2832 ὅτι
1065 2763 1123 2856 τὴν
1148 2772 1304 2850 Θεμιστο-

130 2875 242 2954 κλέους
276 2873 456 2964 ἐμιμήσατο
487 2871 678 2965 στρατηγίαν
707 2875 830 2958 μᾶλλον
859 2865 879 2964 ’ἡ
910 2872 966 2962 τὴν
996 2872 1204 2959 Περικλέους,
1241 2877 1303 2937 τῶν

133 2981 330 3068 πραγμάτιον
355 2981 477 3060 τούτοις
499 2977 620 3066 ὁμοίιον
644 2975 754 3062 ὄντων,
784 2975 842 3047 οὖν
865 2978 1006 3060 ἐκείνοις.
1060 2978 1241 3064 Respicitur
1262 2977 1303 3041 ad

132 3086 150 3149 l.
174 3086 193 3150 l.
215 3087 288 3154 VII
314 3092 363 3167 11,
388 3093 417 3166 3,
440 3088 492 3152 ubi
517 3087 595 3151 haec
618 3087 745 3150 Cicero:
773 3080 877 3170 ‘quale
900 3086 958 3150 tibi
982 3085 1148 3150 consilium
1171 3085 1304 3171 Pompei

131 3193 256 3258 videtur
282 3235 318 3242 --
352 3195 425 3275 hoc,
455 3216 584 3280 quaero,
615 3193 700 3280 qnod
732 3193 840 3257 urbem
869 3193 1032 3278 reliquerit
1063 3234 1103 3241 —-
1129 3190 1302 3257 ....‘non

129 3297 197 3382 ests
222 3303 332 3388 inquit,
354 3297 397 3366 ‘in
420 3302 593 3388 parietibus
616 3324 666 3366 res
683 3295 828 3387 publica?
852 3309 884 3364 at
908 3301 939 3363 in
964 3301 1026 3364 aris
1050 3310 1083 3365 et
1105 3300 1193 3366 focis.
1213 3298 1306 3365 ‘iecit

129 3406 378 3474 Themistocles'
402 3409 530 3473 fluctum
556 3409 638 3473 enim
656 3410 752 3472 totius
769 3407 931 3472 barbariae
951 3407 1034 3472 ferre
1059 3407 1133 3472 urbs
1157 3430 1219 3470 una
1241 3430 1303 3471 non

131 3523 261 3600 poterat.
292 3524 325 3581 at
353 3516 437 3581 idem
461 3516 600 3580 Pericles
628 3539 690 3579 non
719 3515 795 3579 fecit
822 3538 936 3578 annum
961 3514 1028 3578 fere
1057 3522 1129 3599 post
1152 3515 1305 3598 quinqua-

130 3623 298 3706 gesimum,
330 3646 399 3687 cum
434 3631 557 3708 praeter
588 3624 712 3685 moenia
744 3622 822 3685 nihil
853 3615 993 3686 teneret?
1039 3620 1166 3698 Quibus
1200 3620 1305 3685 verbis

130 3727 244 3794 Cicero
267 3731 453 3816 Pompeium
483 3731 638 3815 increpat,
668 3729 719 3813 qui
752 3751 822 3792 cum
854 3729 962 3792 urbem
993 3735 1115 3791 teneret
1144 3728 1305 3807 munitam,

129 3845 234 3901 tumen
268 3838 391 3902 ltaliam
432 3838 609 3922 reliquerit;
644 3834 728 3921 quod
764 3833 969 3928 στρατήγημα
1008 3857 1048 3898 ne
1083 3835 1304 3900 Themistoclis

129 3943 258 4028 quidem
281 3945 403 4010 consilii
428 3945 621 4030 imperatorii
652 3943 753 4007 simile
776 3942 877 4006 luisse
901 3944 958 4021 ait,
989 3943 1106 4028 quippe
1130 3945 1184 4029 qui
1207 3945 1304 4007 totius

130 4051 293 4115 barbariae
308 4052 436 4115 fluctum
460 4051 543 4115 ferre
560 4073 622 4114 non
640 4052 795 4135 potuerit3
818 4048 972 4113 Periclem
989 4049 1095 4135 potius
1119 4048 1304 4114 imitandum

135 4159 246 4240 fuisse,
270 4160 322 4243 qui
349 4159 379 4222 id
397 4169 517 4222 tantum
540 4159 635 4240 egerit
663 4167 695 4220 ut
720 4157 827 4222 urbem
844 4165 974 4236 teneret,
997 4179 1068 4220 erun
1085 4167 1188 4220 cetera
1204 4158 1307 4221 omnia
