3086 4732
745 341 843 414 66.

178 538 289 628 μότιυν
311 541 452 626 μα’λιστα
475 542 530 608 καὶ
554 538 612 631 τὴν
635 539 825 630 περιουσίαν
848 537 1201 625 tauromenitanae·
1226 537 1352 609 διὸκαὶ

178 651 243 716 τῶν
266 643 430 736 ὀνομάτων
452 648 562 717 πολλὰ
585 655 654 730 τοῖς
677 652 835 729 παλαιοῖς
850 648 995 715 Συέλλιοι
1019 649 1075 715 καὶ
1092 649 1273 735 Βουβολκοὶ
1297 649 1353 718 καὶ

179 754 318 845 Πόρκιοι
343 745 432 846 ἦσαν,
457 752 501 836 ὡς
526 755 760 836 Φαινεστέλλας
783 752 915 847 εἴρηκεν.
961 753 1052 819 Idem
1075 755 1141 820 fere
1165 755 1232 820 sine
1251 755 1354 820 Fene-

179 864 288 928 stellae
312 862 438 926 nomine
461 863 494 926 in
518 862 602 926 vitae
625 861 815 948 Poplicolae
835 883 861 925 c.
887 865 925 926 11
951 869 1102 926 narratur.
1147 861 1229 926 Eum
1254 861 1353 926 nomi-

180 970 272 1035 nibus
297 968 491 1055 explicandis
522 991 650 1055 operam
681 991 815 1034 navasse
844 976 970 1054 praeter
997 969 1075 1032 alios
1098 968 1220 1033 Plinius
1244 977 1353 1033 auctor

179 1084 228 1140 est
251 1076 325 1141 Nat.
347 1076 420 1142 hist.
443 1075 498 1140 IX
522 1079 580 1141 65:
613 1073 740 1139 ‘nomen
772 1075 821 1140 his
853 1075 978 1158 (mullis)
1005 1074 1226 1140 Fenestellae
1249 1076 1353 1140 colore

180 1183 364 1250 mulleorum
388 1184 662 1248 calciamentorum
686 1178 797 1270 putat‘.

285 1291 433 1376 Denique
457 1291 496 1355 ad
520 1292 700 1355 memoriam
727 1313 746 1354 a
768 1289 948 1355 Fenestella
973 1290 1119 1355 traditam
1142 1289 1354 1355 revocandum

180 1407 229 1463 est
252 1400 336 1464 vitae
367 1397 474 1462 Crassi
505 1421 530 1463 o.
556 1401 606 1462 1¹.
653 1396 810 1462 Omnibus
841 1405 946 1462 autem
976 1397 1025 1462 his
1055 1397 1133 1462 locis
1163 1397 1281 1462 nullum
1304 1405 1354 1462 est

179 1505 331 1569 indicium
354 1504 552 1570 Fenestellae
575 1505 757 1569 testimonia
779 1503 905 1569 aliunde
931 1505 1029 1591 petita
1052 1525 1132 1570 esse.

286 1613 458 1676 Thraseam
482 1612 614 1676 Paetum
639 1611 827 1676 Plutarchus
851 1611 883 1675 in
907 1613 974 1678 vita
998 1611 1129 1678 Catonis
1152 1612 1282 1677 minoris
1304 1612 1353 1677 bis

181 1719 329 1806 appellat,
351 1728 445 1806 atque
469 1721 502 1783 in
525 1742 550 1784 ο.
575 1722 616 1783 25
640 1718 782 1805 quidem,
814 1719 866 1784 ubi
892 1717 931 1784 de
954 1719 1079 1784 Marcia
1102 1719 1233 1785 Catonis
1258 1742 1355 1784 uxore

181 1828 319 1914 exponit,
337 1827 414 1892 haec
429 1826 541 1892 habet:
566 1824 719 1920 έπρόχέιη
743 1828 779 1894 δὲ
802 1832 916 1896 τοῦτον
938 1826 994 1896 τὸν
1011 1824 1144 1918 τρόπον,
1168 1823 1212 1909 ὡς
1234 1825 1355 1917 ἱστορεῖ

184 1935 331 2026 Θρασέας
354 1934 401 2016 εἷς
423 1932 618 2019 Μουνάτιον,
643 1925 744 2024 όνδρα
756 1931 915 2015 Κάτωνος
933 1933 1059 2025 έταῖρον
1082 1935 1140 2003 καὶ
1162 1933 1355 2026 συμβιωτήν,

180 2038 348 2134 ἀναφέρων
380 2043 436 2134 τὴν
467 2041 591 2110 πίστιν.
647 2040 799 2106 Similiter
831 2042 862 2105 in
895 2064 921 2107 o.
946 2044 986 2106 37
1019 2040 1192 2106 Thraseam
1221 2042 1354 2106 Paetum

180 2150 361 2214 Munatium
386 2158 528 2214 secutum
553 2171 622 2214 esse
646 2148 736 2229 dicit,
765 2172 834 2214 eam
857 2147 1006 2215 videlicet
1029 2149 1069 2214 ob
1091 2171 1218 2214 causam
1242 2157 1278 2212 ut
1300 2148 1355 2214 de-

180 2265 334 2322 monstret
355 2257 528 2336 Thraseae,
558 2279 628 2320 cum
659 2256 797 2320 Munatii
828 2255 959 2322 Catonis
992 2256 1083 2321 amici
1111 2257 1245 2342 vestigia
1268 2279 1355 2344 pres-

180 2365 272 2445 serit,
307 2363 400 2428 fidem
436 2363 610 2428 habendam
647 2386 725 2428 esse.
780 2363 888 2441 Quare
911 2362 1100 2429 Plutarchus
1130 2364 1234 2450 ipsum
1264 2364 1354 2429 Paeti

186 2470 302 2535 librum
327 2470 453 2535 videtur
476 2473 618 2552 novisse,
648 2469 849 2536 Μουυλίυοί2
879 2479 983 2536 autem
1007 2471 1150 2536 notitiam
1174 2493 1192 2536 a
1214 2470 1355 2536 Thrasea

183 2579 343 2664 accepisse
353 2583 373 2643 ³.

290 2685 423 2752 Cluvius
439 2685 545 2750 Rufus
561 2685 731 2750 Plutarcho
750 2693 860 2750 auctor
875 2685 971 2750 estin
987 2685 1119 2764 Quaest.
1134 2685 1227 2751 Rom.
1243 2708 1268 2752 c.
1282 2688 1355 2767 107,

183 2793 235 2859 ubi
260 2794 299 2859 ab
322 2794 436 2858 Histro
459 2793 610 2874 Etrusco,
638 2792 782 2858 scaenico
806 2793 922 2858 artifice
946 2793 1157 2874 celeberrimo,
1186 2793 1354 2858 histriones

180 2924 295 2966 nomen
330 2903 490 2987 accepisse
526 2901 701 2986 exponitur.
763 2898 910 2964 Eundem
944 2907 1059 2965 testem
1092 2900 1171 2966 citat
1203 2903 1235 2965 in
1268 2901 1353 2966 vitae

146 3018 149 3022 ’
181 3008 319 3073 Othonis
339 3031 364 3073 c.
383 3012 417 3074 3:
441 3007 601 3095 Κλούβιος
625 3009 660 3076 δέ
678 3004 816 3098 Ῥοῦφος
834 3005 880 3089 εἷς
902 3001 1034 3099 >Ιβηριάν
1056 3009 1134 3103 φησί
1157 3013 1355 3100 κομισθῆναι

182 3113 387 3201 διπλώματα,
412 3109 462 3197 οἷς
480 3115 695 3212 ἐκπέμπουσιἱ
705 3113 779 3196 corle
793 3113 1093 3208 γραμματηφόρους,
1117 3113 1152 3184 τὸ
1167 3121 1227 3185 τοῦ
1241 3117 1355 3206 Νέρω-

181 3250 235 3303 νος
257 3221 357 3291 erato
381 3217 484 3309 όνομα
507 3223 808 3314 προσγεγραμμένον
825 3221 936 3308 έχοντα
951 3229 999 3312 τῷ
1013 3216 1240 3305 τοῦὌθωνος.
1270 3223 1356 3288 Ean-

181 3329 252 3394 dem
275 3351 341 3394 rem
366 3337 518 3394 memorat
541 3329 712 3395 Suetonius
720 3334 742 3409 4,
765 3352 953 3415 quamquam
975 3329 1096 3394 Rufum
1119 3353 1182 3396 non
1205 3331 1356 3396 nominat

288 3492 297 3520 ¹
317 3490 359 3544 Of.
375 3507 445 3560 qnae
463 3488 510 3544 hic
528 3488 563 3543 ds
578 3489 685 3543 Licinia
703 3489 800 3544 vestali
819 3489 949 3545 aOrasso
963 3490 1066 3546 violata
1083 3495 1273 3546 memorantur
1291 3508 1354 3547 eum

181 3579 304 3636 Macrob.
325 3581 382 3636 Sat.
404 3580 481 3648 110,
502 3581 518 3634 6
538 3585 565 3633 et
583 3579 683 3634 Petero
701 3579 718 3632 l.
739 3579 756 3633 l.
776 3595 803 3650 p.
824 3580 883 3635 109.

288 3671 298 3700 ²
317 3669 385 3723 Eius
400 3669 568 3724 mentionem
583 3669 677 3723 iniecit
690 3668 793 3723 ibidem
809 3669 837 3722 in
853 3687 875 3723 c.
887 3671 936 3724 37:
956 3669 1002 3723 καὶ
1020 3668 1069 3738 γὰρ
1088 3669 1166 3729 αὐτὸς
1182 3670 1354 3738 (Μουνάτιος)

180 3759 336 3829 σύγγραμμα
354 3759 413 3828 περὶ
433 3766 478 3812 τοῦ
497 3758 623 3818 Κάτωνος
642 3759 781 3824 ἐξέδωκεν,
801 3758 823 3827 ᾧ
842 3758 952 3827 μάλιστα
970 3758 1090 3827 Θρασέας
1108 3759 1317 3832 ἐπηκολούθησε.

288 3849 360 3902 ³Of.
380 3849 462 3903 Peter
479 3848 498 3902 l.
517 3849 535 3902 l.
554 3867 581 3920 p.
602 3851 643 3904 65.

285 3939 297 3968 ⁴
315 3937 384 3992 Vita
395 3937 512 3993 Othonis
523 3941 552 3992 7:
569 3939 587 3991 ².
599 3979 623 3993 ..
639 3954 671 3992 ac
690 3955 772 4008 super
790 3941 895 3993 ceteras
909 3937 1110 4010 gratulantium
1125 3937 1354 4010 adulantiumque

178 4027 328 4083 blanditias
355 4026 390 4081 ab
417 4027 516 4080 infima
541 4027 620 4097 plebe
646 4027 800 4099 appellatus
820 4028 900 4099 Nero
918 4028 1026 4082 nullum
1050 4027 1182 4083 indicium
1202 4028 1354 4083 recusantis

180 4117 266 4184 dedit,
280 4117 373 4186 immo,
388 4121 420 4171 ut
430 4116 543 4188 quidam
562 4116 744 4186 tradiderunt,
759 4119 842 4171 etiam
857 4117 1054 4189 diplomatibus
1064 4117 1215 4189 primisque
1228 4116 1354 4189 epistulis

177 4207 234 4261 suis
254 4205 287 4261 ad
308 4204 442 4278 quosdam
462 4206 664 4276 provinciarum
685 4207 824 4278 praesides
842 4207 961 4266 Neronis
980 4224 1131 4278 cognomen
1151 4207 1266 4262 adiecit?
