3086 4732
805 317 847 381 32

239 509 344 575 verbis
375 533 445 574 curn
476 511 589 576 Cicero
621 511 699 596 quid
728 512 760 576 in
792 513 956 599 provincia
985 536 1044 577 sua
1075 513 1217 578 effecerit
1247 521 1413 600 tantopere

238 617 381 698 extollat,
413 641 432 682 a
456 617 626 682 Plutarcho
653 619 774 705 optimo
802 621 869 684 iure
897 619 1013 684 dicitur
1040 620 1323 705 γαλλωπιζόμενος
1350 623 1412 688 ἐπὶ

240 732 306 804 τοῖς
328 727 581 812 πεπραγμιίὀις.
619 725 790 812 Ceteroqui
808 726 911 791 levius
930 727 1080 812 estquod
1095 728 1285 792 Plutarchus
1300 729 1415 806 nullas,

239 831 352 896 Cicero
375 833 581 917 paucissimas
604 833 773 919 pantheras
798 834 830 897 iu
854 833 967 898 Cilicia
989 857 1059 898 esse
1082 833 1168 899 dicit.
1213 835 1311 912 Quod
1335 858 1416 899 vero

238 937 290 1002 ille
313 961 351 1002 ea
373 939 444 1025 ipsa
465 942 581 1026 repetit
598 963 679 1026 quae
695 940 809 1006 Cicero
831 940 872 1004 de
895 941 1056 1027 pantheris
1079 943 1304 1027 emigrantibus
1327 944 1416 1007 ioca-

239 1055 298 1124 tur,
323 1047 388 1110 reri
408 1045 536 1111 videtur
558 1069 630 1112 esse
654 1048 754 1112 multo
776 1048 910 1112 similius
934 1048 995 1112 hoc
1017 1071 1088 1112 eum
1112 1072 1152 1112 ex
1168 1049 1261 1114 huius
1276 1050 1417 1136 epistula

237 1175 330 1238 quam
358 1152 484 1218 aliunde
511 1153 755 1241 deprompsisse.
805 1155 926 1219 Iniuria
955 1155 1051 1240 igitur
1073 1155 1313 1236 Volkmannus,
1339 1179 1417 1220 cum

239 1261 268 1322 in
286 1259 449 1326 Ciceronis
473 1261 539 1324 vita
562 1261 681 1325 nullum
704 1263 746 1326 sit
765 1263 934 1347 vestigium
951 1263 1115 1326 Ciceronis
1138 1264 1336 1349 scriptorum,
1360 1265 1414 1327 vel

237 1389 276 1430 ex
300 1367 359 1431 hac
382 1389 416 1432 re
439 1390 590 1455 apparere
613 1368 750 1432 affirmat
772 1391 810 1432 ea
832 1392 851 1432 a
874 1369 1044 1433 Plutarcho
1067 1370 1148 1433 lecta
1171 1393 1233 1434 non
1257 1393 1337 1435 esse.

343 1475 436 1552 Quae
466 1478 497 1537 in
526 1475 610 1539 vitae
638 1475 782 1561 Pompeii
810 1498 837 1540 c.
860 1479 903 1540 42
932 1485 966 1538 et
997 1475 1129 1541 Catonis
1157 1479 1286 1542 minoris
1317 1500 1344 1543 c.
1369 1482 1414 1542 50

238 1581 442 1646 eCiccronis
475 1582 620 1667 epistulis
652 1581 840 1646 Plutarchus
873 1581 978 1661 affert,
1015 1605 1053 1646 ea
1084 1583 1205 1647 invidia
1234 1593 1414 1671 temporum

238 1691 405 1775 perierunt.

344 1795 494 1882 Sequitur
530 1805 564 1860 ut
600 1795 641 1861 de
677 1797 852 1861 orationum
887 1797 1050 1862 Ciceronis
1084 1797 1162 1862 locis
1194 1798 1297 1863 dicam
1331 1822 1412 1885 quos

238 1903 426 1968 Plutarchus
449 1903 482 1967 in
512 1926 604 1967 suum
634 1927 724 1968 usum
755 1907 921 1969 convertit
973 1905 1114 1968 Primum
1144 1907 1241 1989 igitur
1270 1907 1302 1970 iu
1327 1909 1412 1971 vitae

237 2010 400 2075 Ciceronis
424 2013 486 2075 o.6
512 2010 707 2092 Plutarchus,
731 2020 899 2098 postquam
915 2013 1055 2076 narravit
1070 2021 1188 2097 quanta
1210 2035 1281 2077 cum
1305 2017 1412 2100 acqui·

237 2127 302 2182 tate
325 2127 358 2183 et
381 2117 620 2214 mansuetudine
637 2118 750 2182 Cicero
773 2121 950 2203 quaestoris
974 2142 1102 2183 munere
1126 2119 1252 2184 limatus
1270 2130 1356 2185 esset
1379 2131 1411 2186 et

176 2259 179 2264 ·
237 2226 363 2310 quantis
386 2248 455 2288 eam
478 2224 520 2289 ob
536 2247 600 2289 rem
617 2225 789 2290 honoribus
805 2248 824 2289 a
839 2225 954 2290 Siculis
970 2235 1099 2290 ornatus
1115 2237 1209 2306 esset,
1232 2230 1278 2292 sic
1293 2231 1409 2314 pergit:

237 2332 296 2400 ἐπὶ
321 2330 446 2412 τούτοις
468 2324 525 2399 οὖν
546 2333 631 2418 μέγα
654 2339 782 2422 φρονῶν
805 2327 839 2415 (ὁ
863 2334 1025 2422 Κικέρωιγ
1053 2332 1100 2414 εἷς
1125 2329 1244 2428 Ῥώμην
1267 2336 1410 2422 βαδίζων

238 2439 361 2528 γελοῖόν
386 2467 412 2506 ιι
430 2445 557 2506 παθεῖν
579 2463 669 2530 φησι.
694 2433 851 2524 συντυχίαν
869 2439 929 2529 γὰρ
945 2435 1037 2528 ἀνδρὶ
1056 2446 1121 2506 τῶν
1137 2442 1310 2531 ἕπιιγανιῦν
1324 2443 1410 2534 φίλῳ

237 2550 387 2615 δοκοῦνιι
410 2547 491 2634 περὶ
515 2545 720 2632 Καμπανίαν
747 2548 883 2635 ἐρέσθαι
914 2547 986 2614 τίνα
1014 2544 1053 2636 δὴ
1078 2554 1142 2614 τῶν
1165 2552 1410 2638 πεπραγμένων

237 2650 294 2722 inc'
321 2649 420 2723 αὐτοῦ
442 2651 537 2742 λόγον
560 2652 663 2738 ἔχουσι
687 2649 838 2739 Ῥωμαῖοι
865 2656 919 2722 καὶ,
936 2654 969 2720 ri
985 2659 1169 2745 φρονοῦσιν,
1193 2654 1237 2737 ὡς
1256 2653 1411 2741 ὀνόματος

238 2763 293 2831 καὶ
317 2762 411 2854 δόξης
434 2766 496 2829 τῶν
519 2763 762 2848 πεπραγμένων
784 2756 871 2849 cinq]
895 2761 952 2852 τὴν
970 2761 1071 2829 πόλιν
1087 2758 1221 2829 ἅπασαν
1235 2764 1406 2849 ἐμπεπλη-

238 2869 315 2950 ade
339 2868 395 2938 τὸν
412 2865 444 2936 d'
462 2868 581 2936 εἰπεῖν·
605 2863 686 2935 ‘nori
701 2869 761 2956 γὰρ
777 2858 823 2957 ἧς,
847 2858 874 2933 ni
890 2870 1045 2956 Κιαέρων,
1072 2870 1126 2938 τὸν
1141 2868 1251 2957 χρόνον
1274 2860 1404 2946 τοῦτον)

239 2975 306 3045 τότε
327 2979 388 3063 μὲν
412 2968 468 3043 οὖν
491 2975 693 3063 ἐξαθυμῆσαι
719 2973 944 3059 παντάπασιν,
967 2975 996 3043 εἰ
1020 2978 1176 3064 ’καθάπερ
1198 2973 1245 3056 εἷς
1267 2973 1409 3058 πέλαγος

237 3081 350 3168 ἀχανὲς
373 3082 428 3174 τὴν
451 3080 552 3149 πόλιν
574 3080 726 3167 ἐμπεσών
750 3076 768 3150 ὁ
792 3083 867 3171 περὶ
891 3075 990 3151 αὐτοῦ
1013 3084 1108 3171 λόγος
1131 3077 1222 3151 oddar
1245 3081 1292 3162 εἰς
1315 3079 1410 3163 δόξαν

237 3189 394 3281 ἐπίδηλον
416 3188 609 3281 πεποίηκεν.
655 3189 775 3253 Eadem
801 3188 840 3253 de
864 3213 897 3254 re
914 3190 1027 3254 Cicero
1051 3191 1081 3252 iu
1106 3188 1257 3250 orationis
1278 3209 1336 3271 pro
1353 3185 1411 3250 Cu.

236 3297 355 3361 Planco
380 3297 431 3375 26,
455 3299 497 3361 64
522 3319 588 3381 sqq.
612 3297 690 3360 hacc
720 3296 855 3382 profert:
890 3292 949 3360 ‘sic
977 3306 1042 3359 tum
1072 3290 1303 3372 existimabam,
1333 3293 1411 3356 nihil

236 3403 378 3468 hominos
402 3402 488 3468 aliud
510 3403 632 3467 Romae
656 3403 717 3467 nisi
741 3401 781 3467 dc
804 3412 973 3489 quaestura
995 3423 1064 3464 mea
1088 3401 1174 3486 loqui
1193 3447 1202 3464 .
1218 3449 1225 3463 .
1242 3448 1273 3463 ..
1296 3407 1329 3463 at
1352 3422 1410 3483 ego

236 3534 308 3576 cum
331 3533 406 3576 casu
430 3509 541 3576 diebus
565 3511 604 3574 iis
627 3510 747 3574 itineris
771 3510 908 3575 faciendi
931 3531 1027 3574 causa
1042 3507 1199 3573 decedens
1215 3531 1233 3571 e
1249 3507 1412 3593 provincia

236 3619 386 3683 Puteolos
410 3619 491 3683 forte
516 3619 687 3697 venissem,
716 3640 786 3681 cum
815 3618 941 3704 plurimi
971 3625 1003 3682 et
1025 3616 1192 3681 lautissimi
1216 3614 1310 3678 iniis
1333 3613 1410 3676 locis

237 3726 340 3790 solent
363 3747 442 3805 esse,
465 3724 588 3789 concidi
612 3747 721 3810 paene,
744 3724 874 3804 iudices,
897 3746 967 3788 cum
992 3747 1031 3788 cx
1054 3745 1104 3788 mc
1120 3722 1248 3808 quidam
1272 3720 1412 3807 quaesis-

237 3840 286 3897 set
308 3855 371 3917 quo
395 3831 446 3896 die
470 3832 572 3896 Roma
595 3833 731 3896 exissem
755 3840 787 3896 et
810 3829 1033 3915 numquidnam
1057 3839 1142 3895 essct
1165 3831 1250 3894 novi·
1273 3829 1411 3891 cuicum

236 3938 469 4026 respondissem
493 3961 544 4003 me
560 3962 576 4003 e
593 3940 756 4026 provincia
772 3936 933 4017 decedere,
955 3931 1063 4002 ‘etiam
1079 3929 1278 4014 mehercule',
1301 3933 1412 4019 inquit,

234 4044 284 4110 ‘ut
316 4046 440 4133 opinor,
473 4068 512 4110 ex
545 4039 675 4110 Africa.³
706 4046 779 4108 huic
811 4066 871 4127 ego
903 4046 965 4109 iarn
998 4043 1198 4110 stomachans
1229 4039 1411 4106 fastidiose:

234 4152 343 4218 ‘immo
368 4176 405 4216 cx
430 4149 546 4218 Sicilia'
573 4156 707 4238 inquam.
730 4161 795 4214 tum
820 4150 957 4234 quidam,
985 4153 1073 4237 quasi
1099 4153 1151 4235 qni
1177 4150 1280 4213 omnia
1304 4149 1410 4212 sciret:
