3086 4732
611 335 745 434 ¹¹
785 429 797 432 -

131 535 170 600 ad
202 535 374 600 orationem
404 532 531 618 quidem
560 530 688 619 βιβλίου
717 553 829 594 nornen
860 538 966 615 aptum
996 537 1052 594 est.
1099 531 1180 596 Cum
1210 529 1304 614 igitur
1354 542 1356 546 '

132 665 231 728 neque
255 645 287 705 in
311 641 447 728 epistula
469 661 571 724 neque
595 639 627 702 in
651 641 791 702 oratione
814 636 892 701 illud
916 637 1067 724 scriptum
1092 637 1187 701 fuerit
1210 645 1242 700 et
1263 657 1303 700 ne

131 750 258 814 alterius
283 731 409 834 quidem
434 746 496 811 Gai
519 745 615 809 libelli
640 744 738 808 ullum
769 745 810 808 sit
834 744 1016 828 vestigium,
1046 743 1250 807 Plutarchum
1273 750 1305 807 et

132 856 317 921 Ciceronem
348 852 481 919 eundem
512 852 616 916 dicere
645 851 783 916 libellum
807 850 1003 940 Nipperdeio
1031 852 1193 915 assentior.
1240 847 1305 914 Sed

133 987 206 1027 num
242 985 314 1026 eum
349 960 537 1026 Plutarchus
576 959 645 1044 ipse
679 959 791 1044 legerit
828 981 891 1021 non
926 966 1064 1044 apparet.
1121 955 1305 1041 Prodigium

133 1069 259 1154 quidem
292 1066 371 1132 illud
404 1076 436 1132 ct
467 1067 536 1152 ipse
568 1066 664 1130 refert
686 1065 705 1128 l.
729 1065 748 1130 l.
772 1087 797 1128 c.
824 1069 839 1130 1
870 1065 919 1130 his
950 1065 1071 1130 verbis:
1118 1064 1241 1150 λέγεται
1271 1063 1309 1129 δέ

134 1202 217 1244 ντστε
240 1179 408 1261 συλλαβεῖν
431 1166 529 1242 α’ότδν
553 1173 612 1240 ἐντὶ
637 1177 690 1262 τῆς
708 1172 816 1264 κλίνης
835 1174 945 1258 ζεῦγος
964 1171 1153 1261 δρακόντιον,
1179 1169 1251 1250 τούς
1269 1170 1305 1237 δὲ

133 1281 265 1368 μόντεις
288 1281 512 1368 σκεψαμένους
538 1277 572 1347 τδ
596 1280 688 1366 τέρας
711 1271 811 1368 όμφιο
834 1280 893 1364 μὲν
918 1271 977 1346 οὖν.
1006 1280 1063 1345 ἐᾶν
1086 1274 1207 1346 ἀνελεῖν
1230 1270 1305 1345 οὐδέ

134 1384 272 1479 δηνεῖναι,
297 1389 373 1477 περὶ
397 1388 433 1454 δέ
457 1387 601 1473 θατέρου
626 1389 768 1474 διαιρεῖν,
794 1382 838 1465 ὠς
857 1380 874 1453 δ
893 1387 951 1470 μέν
974 1379 1072 1478 δίρρην
1094 1388 1140 1474 τῷ
1168 1383 1307 1474 Τιβερίῳ

133 1496 227 1584 φέροι
251 1492 397 1562 θάνατον
420 1489 619 1581 ἀναιρεθείς,
651 1489 670 1582 ἡ
695 1494 730 1559 δὲ
757 1489 876 1584 θήλεια
899 1494 937 1582 τῇ
961 1491 1132 1584 Κορνηλίᾳ.
1168 1488 1222 1559 τδν
1252 1482 1307 1557 οὖν

137 1603 287 1690 Τιβέριον
311 1603 366 1670 καί
391 1603 548 1691 φιλοῦντα
572 1599 628 1689 τὴν
652 1605 788 1686 γυναῖκα
813 1599 869 1666 καὶ
891 1601 1014 1684 μᾶλλον
1029 1591 1114 1688 αὐτῷ
1131 1597 1308 1688 προσήκειν

135 1701 202 1776 όντι
225 1710 431 1798 πρεσβυτέρῳ
454 1709 604 1775 τελευτᾶν
626 1701 798 1797 ἡγούμενον
824 1705 869 1774 έτι
894 1707 966 1787 νέας
990 1698 1085 1797 οόσης
1108 1705 1230 1799 ἐκείνης
1252 1704 1308 1772 τδν

136 1815 196 1899 μὲν
224 1807 341 1902 όρρενα
371 1821 489 1881 κτεῖναι
519 1819 583 1880 τιῖιν
614 1813 807 1902 δρακόντιον,
842 1807 971 1904 ἀφεῖναι
1002 1815 1038 1880 δέ
1071 1810 1126 1903 τὴν
1156 1813 1306 1904 θήλειαν·

137 1915 207 1988 εἶτα
235 1915 366 2008 ὕστερον
397 1914 432 1986 ori
463 1922 576 2008 πολλῷ
608 1917 708 2009 χρόνῳ
737 1923 917 2009 τελευτῆσαι
947 1920 1083 1988 δεκαδύο
1116 1923 1242 2000 παῖδας
1273 1918 1309 1987 έν.

137 2031 195 2117 τῆς
221 2026 401 2118 Κορνηλίας
428 2023 515 2115 abasgi
545 2025 712 2113 γεγονότας
745 2026 983 2111 καταλιπόντας
1015 2027 1071 2092 sed
1100 2028 1310 2091 narrationem

136 2133 276 2198 averbo
306 2134 428 2222 λέγεται
456 2133 578 2218 incipit
597 2155 698 2218 neque
730 2133 764 2197 id
793 2136 825 2197 in
855 2134 959 2220 aliquo
984 2135 1045 2199 Gai
1075 2135 1182 2199 libello
1211 2135 1309 2198 fuisse

136 2240 262 2306 indicat.
310 2239 445 2304 Accedit
467 2239 551 2325 quod
576 2264 594 2305 a
620 2240 772 2306 Cicerone
796 2240 952 2322 dissentit,
976 2243 1071 2327 quil.
1095 2243 1114 2306 l.
1137 2242 1174 2305 Π
1199 2246 1250 2322 29,
1268 2244 1308 2306 62

138 2347 199 2412 Gai
223 2349 374 2435 scripturn
391 2355 519 2412 secutus
535 2347 612 2410 nihil
628 2347 830 2434 respondisse
846 2349 1028 2434 haruspices
1044 2349 1129 2429 dicit,
1153 2351 1179 2413 si
1200 2358 1311 2414 neuter

138 2455 248 2540 anguis
272 2455 405 2519 emissus
430 2463 523 2534 esset,
547 2454 621 2539 quid
646 2462 731 2519 esset
753 2456 902 2520 futurum.
940 2456 1022 2520 Nam
1046 2457 1105 2520 hoc
1128 2458 1231 2543 ipsum
1256 2479 1310 2520 eos

140 2561 279 2624 vetuisse
295 2559 484 2625 Plutarchus
501 2561 618 2626 scribit.
653 2562 779 2639 Quibus
796 2565 898 2627 causis
914 2572 1076 2648 permotus
1093 2563 1155 2654 Gai
1170 2564 1310 2628 libellum

140 2666 309 2731 Plutarcho
340 2676 412 2732 ante
443 2669 551 2732 oculos
580 2670 635 2731 vix
665 2668 763 2732 fuisse
794 2667 989 2734 crediderim.
1040 2670 1084 2732 Et
1114 2671 1179 2734 veri
1213 2670 1311 2734 multo

140 2773 268 2838 videtur
296 2775 429 2838 similius
460 2775 643 2860 essequod
667 2775 781 2840 Ρολετ1
810 2775 1001 2862 suspicatur,
1030 2776 1193 2841 aFannio
1223 2777 1312 2840 illum

138 2880 216 2945 haec
245 2885 407 2966 petivisse.
455 2882 519 2946 Hic
549 2883 631 2947 enim
662 2883 814 2969 imprimis
846 2883 1061 2949 Gracchorum
1092 2892 1228 2948 aetatem
1257 2883 1313 2948 dc-

141 2989 268 3072 scripsit
291 2996 335 3068 et,
368 3011 438 3053 curn
462 3013 574 3075 magna
605 2991 729 3055 sicum
758 2991 808 3055 his
832 2999 917 3055 esset
939 2992 1088 3071 amicitia,
1119 3014 1226 3056 eorum
1248 2991 1312 3055 frsss

140 3101 274 3178 quanter
288 3096 478 3161 mentionem
501 3097 616 3161 intulit.
651 3095 717 3160 Sed
736 3097 794 3160 hac
814 3096 903 3162 dere
924 3099 1018 3162 etiam
1035 3098 1166 3184 posthac
1182 3098 1312 3163 dicetur.

245 3201 319 3267 Non
353 3206 456 3269 minus
494 3227 587 3290 quam
621 3204 657 3269 O.
690 3204 827 3270 Gracchi
859 3204 978 3270 Tiberii
1012 3206 1119 3270 fratris
1154 3206 1312 3271 orationes

138 3307 327 3374 Plutarchus
358 3310 486 3376 videtur
517 3314 549 3375 in
583 3311 727 3376 manibus
760 3312 916 3377 habuisse.
962 3313 1134 3399 Postquam
1168 3316 1250 3378 enim
1280 3313 1312 3378 in

140 3415 208 3476 eius
232 3416 316 3479 vitae
340 3438 365 3480 c.
384 3421 424 3480 15
448 3416 489 3480 de
513 3421 653 3483 oratione
677 3441 739 3503 qua
758 3419 951 3484 tribunatum
969 3420 1106 3485 Octavio
1129 3421 1312 3505 abrogatum

141 3515 334 3582 defendebat
363 3520 440 3584 haec
470 3524 647 3606 praemisit:
682 3523 775 3612 λόγον
807 3528 840 3594 έν
870 3533 914 3616 τῷ
944 3524 1035 3617 δήμῳ
1066 3529 1243 3616 διεξῆλθεν,
1277 3517 1314 3595 οὗ

138 3620 239 3714 μικρὰ
272 3626 493 3713 παραθέσθαι
521 3631 584 3695 τῶν
617 3629 878 3721 ἐπιχειρημάτων
906 3628 964 3700 οὐκ
994 3628 1119 3700 ότοττον
1149 3623 1201 3718 ἦν,
1232 3631 1313 3702 ὥστε

139 3727 365 3824 ὑπονοηθῆναι
395 3733 453 3824 τὴν
488 3732 700 3828 πιθανότητα
729 3738 785 3803 καὶ
815 3737 1001 3830 πυκνότητα
1030 3745 1085 3806 τοῦ
1108 3735 1235 3830 ἀνδρός,
1266 3749 1315 3805 tot

139 3837 224 3903 dicta
247 3837 322 3904 inde
346 3841 497 3906 translata
520 3841 613 3907 affert
639 3851 675 3906 ut
702 3842 827 3908 facilius
851 3843 997 3909 credatur
1017 3845 1098 3910 hauc
1121 3849 1222 3934 ipsam
1246 3872 1315 3913 cra-

141 3946 259 4010 tionem
276 3949 465 4034 cognovisse
480 3973 574 4034 qnam
591 3950 716 4015 aliunde
737 3974 774 4016 ea
790 3960 965 4016 mutuatum
989 3975 1066 4018 csse.
1102 3955 1193 4033 Quae
1209 3964 1314 4020 autem

248 4181 253 4208 ¹
276 4180 343 4235 1..1.
363 4199 389 4251 p.
410 4182 615 4238 CLXXXVII.
