3086 4732
720 280 759 342 15

153 499 298 542 censores
322 477 494 542 orationem
524 475 672 540 habuisse
696 475 874 539 confirmat:
907 467 977 558 ‘age
1009 467 1096 536 sume
1125 471 1165 536 de
1189 465 1335 536 Gracchi

154 585 236 670 apud
267 607 414 649 censores
445 583 554 647 illud.
579 632 585 646 .
610 576 644 662 ‚³3
677 590 709 646 et
740 582 807 646 fieri
840 589 965 668 poterat
997 587 1032 643 ut
1062 578 1162 644 Gaius
1195 578 1327 644 eandem

152 714 276 756 causam
301 699 333 755 et
356 689 441 777 apud
464 695 631 754 censores1
661 689 749 753 etin
773 688 939 752 σοιιϊὶοιιο2
963 686 1083 751 diceret
1106 694 1138 751 et
1161 686 1327 770 utrobique

59 869 60 872 ς
149 797 228 862 illud
245 797 363 862 dietum
381 806 553 883 usurparet.
589 797 777 860 Plutarchus
794 803 899 859 autem
915 793 1053 883 τριετίαν
1077 816 1116 857 ex
1133 792 1328 858 Graecorum

148 905 278 970 dicendi
294 903 521 970 consuetudine
538 903 665 969 videtur
684 906 910 988 interpretatus
930 923 1009 981 esse,
1032 924 1094 986 qua
1117 900 1327 993 πειτετηρίδσ

1 1045 3 1058 ·
65 1063 67 1068 .
147 1021 300 1098 quattuor
323 1035 488 1091 annorum,
517 1011 699 1102 τριετηρίδοι
728 1010 846 1075 biennii
875 1009 1075 1073 intervallum
1099 1007 1327 1093 appellabantss.

258 1119 379 1184 Iterum
397 1119 513 1186 Gaium
533 1117 697 1183 laudat'in
721 1116 864 1182 eiusdem
880 1118 965 1180 vitae
988 1138 1014 1180 c.
1033 1120 1061 1196 3,
1084 1115 1138 1178 ubi
1161 1123 1327 1200 postquam

150 1227 408 1292 eum-,tribunum
431 1226 532 1312 plebis
555 1225 676 1290 factum
701 1225 900 1309 eloquentiae
917 1224 950 1287 vi
966 1223 1104 1287 valuisse
1125 1230 1157 1287 et
1172 1222 1328 1286 concitato

151 1335 256 1399 animo
278 1333 408 1399 liberam
434 1355 543 1398 vocem
565 1333 711 1397 emisisse
735 1332 767 1394 in
791 1330 984 1416 deploranda
1006 1330 1112 1394 fratris
1135 1337 1237 1394 morte
1259 1351 1329 1393 nar·

151 1443 235 1506 ravit
265 1451 297 1506 et
326 1441 403 1505 haec
433 1440 590 1504 adiunxit:
639 1441 785 1506 ἐνταῦθα
815 1437 876 1526 γοέρ
907 1439 943 1518 ἐξ
971 1435 1103 1530 ἁπάσης
1133 1435 1330 1527 προφάσεως

154 1552 288 1639 περιῆγε
314 1549 363 1616 τὸν
387 1552 488 1639 δῆμον
511 1543 765 1637 ἀναμιμνῄσκων
788 1551 853 1612 τῶν
868 1542 1041 1632 γεγονότων
1061 1545 1115 1611 καὶ
1133 1545 1330 1634 παρατιθεὶς

154 1654 195 1722 τὰ
219 1658 281 1722 τῶν
305 1654 481 1744 προγόνων,
505 1656 566 1718 iam
593 1653 792 1739 persequitur
815 1653 915 1738 ipsius
939 1651 1072 1715 oratoris
1095 1651 1193 1716 verba
1216 1651 1330 1737 partim

158 1769 344 1822 convertens
379 1760 537 1844 quomodo
572 1760 672 1824 Gaius
706 1760 867 1824 Romanos
907 1759 938 1822 in
979 1758 1096 1822 tuenda
1133 1753 1330 1822 tribunorum

160 1864 260 1949 plebis
293 1864 445 1950 dignitate
478 1874 510 1929 et
542 1866 755 1930 incolumitate
790 1889 808 1929 a
846 1868 996 1930 maiorum
1029 1866 1168 1930 moribus
1201 1888 1330 1951 prorsus

160 1970 333 2036 descivisse
356 1972 538 2036 criminatus
562 1973 611 2036 sit.
654 1972 743 2036 Haec
766 1973 862 2057 igitur
885 1973 947 2038 Gai
972 1973 1076 2053 verba,
1100 1995 1231 2057 quorum
1256 1967 1330 2036 alibi

159 2078 243 2141 nulla
266 2079 299 2140 fit
322 2081 453 2157 mentio,
482 2079 615 2164 Μογσι4
642 2081 673 2142 in
698 2082 838 2145 oratioue
862 2081 894 2143 in
918 2080 1077 2166 Popilium
1101 2079 1208 2144 habita
1230 2079 1330 2143 fuisse

157 2191 258 2270 putat,
289 2193 383 2270 atque
408 2185 489 2249 idem
515 2185 695 2273 Klappius⁵
726 2188 886 2274 opinatur,
917 2210 987 2251 cum
1010 2187 1213 2266 Plutarchus,
1244 2194 1331 2274 post-

156 2313 249 2375 quam
278 2291 316 2355 iis
348 2292 541 2356 orationibus
569 2294 706 2379 populus
731 2295 887 2358 excitatus
912 2295 966 2374 sit,
997 2294 1112 2360 Gaium
1137 2303 1246 2360 contra
1268 2295 1331 2358 Ρο-

154 2397 264 2482 pilium
295 2406 326 2462 et
356 2398 402 2463 M.
427 2399 599 2464 Octavium
630 2401 716 2486 leges
747 2402 858 2465 tulisse
888 2401 919 2464 in
951 2403 1095 2487 proximo
1126 2425 1151 2466 c.
1175 2406 1196 2466 4
1224 2403 1331 2466 statim

154 2503 259 2569 addat.
306 2505 425 2570 Contra
457 2507 603 2590 equidem
626 2506 788 2571 Plutarchi
816 2509 1026 2572 narrationem
1055 2531 1094 2573 ex
1117 2510 1332 2596 compluribus

155 2612 217 2676 Gai
243 2611 437 2675 orationibus
461 2613 627 2675 conflatam
653 2635 723 2676 esse
747 2635 860 2676 censeo
883 2614 997 2696 quibus
1021 2616 1172 2699 populum
1196 2618 1332 2680 excitare

154 2721 247 2804 eique
279 2727 314 2782 ut
343 2717 422 2782 illas
443 2718 529 2802 leges
561 2720 697 2782 sanciret
727 2718 917 2804 persuadere
946 2719 1050 2784 vellet.
1095 2719 1169 2784 Hoc
1197 2743 1234 2784 ea
1264 2722 1333 2805 ipsa

153 2826 270 2911 quibus
300 2825 345 2888 illi
374 2825 517 2889 nituntur
547 2826 644 2890 verba
672 2825 825 2907 indicant,
856 2849 936 2912 quae
967 2836 1042 2890 sunt
1072 2827 1103 2890 in
1131 2827 1221 2891 initio
1245 2849 1270 2891 c.
1294 2832 1330 2890 4:

152 2932 349 3011 τοιούτοις
372 2930 501 3018 λόγοις
532 2933 774 3020 προανασείσας
797 2934 850 3002 τὸν
874 2938 976 3024 δῆμον
1000 2987 1008 3002 .
1035 2989 1041 3001 .
1067 2989 1073 3000 .
1099 2987 1105 3002 .
1138 2934 1194 3001 drio
1218 2933 1333 3019 νόμους

154 3041 312 3129 εἷσέιγερε.
352 3038 464 3122 Neque
488 3041 519 3101 in
545 3039 622 3124 ipsis
646 3040 707 3102 illis
733 3039 794 3102 Gai
818 3040 924 3105 verbis
948 3041 1118 3126 quidquam
1142 3041 1225 3105 inest
1247 3040 1332 3125 quod

153 3148 193 3212 ad
211 3146 371 3232 Popilium
388 3152 521 3232 spectet,
544 3145 639 3208 immo
656 3168 732 3210 vero
750 3154 841 3210 antea
858 3147 910 3210 ille
931 3148 967 3230 ἐξ
986 3144 1120 3239 ἁπάσης
1135 3146 1333 3240 προφάσεως

152 3255 230 3320 talia
260 3254 480 3339 pronuntiasse
510 3251 634 3318 dicitur.
688 3254 761 3330 Qua
791 3252 831 3317 de
863 3276 957 3334 carisa
984 3253 1143 3342 Klappiua
1175 3280 1213 3320 ex
1243 3257 1332 3321 Festi

155 3385 180 3425 s.
198 3385 228 3425 v.
245 3362 448 3424 occisitantur
463 3361 585 3425 verbis:
606 3358 657 3426 ‘G
675 3360 838 3426 Gracchus
858 3363 1041 3447 prorostris
1058 3364 1088 3426 in
1105 3364 1140 3428 P.
1158 3365 1330 3450 Popilium:

156 3465 301 3529 homines
325 3466 415 3530 liberi
439 3489 521 3530 nunc
545 3469 576 3530 in
601 3468 719 3554 oppido
744 3465 953 3533 occisitantur³
981 3471 1167 3535 concludere
1190 3493 1253 3534 non
1277 3469 1332 3534 de*

266 3681 273 3707 ¹
295 3679 336 3732 cf.
358 3680 520 3746 Mommsen,
540 3680 620 3733 Rom.
640 3681 819 3736 Staatsreeht.
841 3683 889 3736 11²
913 3702 945 3752 p.¹
960 3687 1019 3737 365.

265 3769 336 3823 ²Of.
356 3769 372 3821 l.
393 3769 410 3822 l.
431 3769 462 3820 Ι2
482 3787 506 3838 p.
529 3771 587 3823 199.

266 3859 340 3912 alta
365 3858 392 3910 in
417 3875 522 3928 argum.
544 3859 574 3911 II
602 3859 747 3915 Demosth.
775 3864 803 3914 in
823 3861 940 3914 Androt.
965 3862 1110 3914 orats589‘
1129 3861 1196 3913 κατὰ
1222 3864 1332 3928 τριετίαν

158 3948 233 4003 valet
249 3948 404 4003 ‘interiecto
423 3947 527 4002 biennii
546 3949 652 4019 spatio’.
1115 3963 1118 3968 ’

267 4039 277 4066 ⁴
297 4037 445 4092 Oratorum
465 4037 545 4092 Rom.
565 4039 728 4109 fragmento,
747 4058 773 4110 p.
794 4041 853 4092 240.

266 4126 326 4179 ὅΙι.
347 4127 364 4179 l.
383 4145 410 4197 p.
430 4129 471 4180 31.
