3086 4732
692 315 734 376 23

607 405 819 412 ——-—-—-———-—

127 509 255 573 minoris
283 531 307 572 c.
334 511 372 572 51
405 508 473 572 eius
504 529 613 592 quam,
646 514 681 570 ut
703 508 833 570 crimina
856 529 874 570 a
898 506 1019 571 Catone
1050 506 1111 571 sibi
1139 507 1226 570 illata
1252 529 1300 571 re-

126 616 265 703 pelleret,
287 614 329 679 ad
352 624 494 680 senatum
519 615 613 678 misit.

232 723 328 788 Plura
351 730 513 806 comperta
535 721 686 784 habemus
711 720 750 784 de
770 719 915 785 Caesaris
939 719 979 784 ad
1003 728 1145 784 senatum
1165 720 1300 806 epistula

125 853 216 916 quam
242 829 431 894 Plutarchus
454 828 661 892 memoratio
685 828 769 892 vitae
792 827 936 913 Pompeii
957 849 982 892 c.
1000 830 1057 892 59:
1083 823 1203 914 ἀνέγνω
1225 828 1299 895 τινὰ

125 937 292 1024 Καίσαρος
325 935 501 1026 ἐπιστολὴν
533 928 702 1016 Ἀντιιίνιος
739 935 772 1002 έν
809 937 852 1024 τῷ
889 933 982 1025 δήμῳ
1015 931 1211 1021 βιασάμενος
1242 932 1300 1024 τὴν

125 1041 245 1134 βουλὴν
269 1042 405 1127 ἔχουσαν
430 1043 622 1129 έπαγωγοδς
645 1037 740 1125 δγλοο
764 1039 967 1132 προκλήσεις.
995 1037 1084 1132 ἠξίου
1108 1042 1167 1131 γὰρ
1191 1035 1299 1132 ἀμφο-

126 1151 235 1237 τέρους
263 1141 418 1237 candacae
444 1155 509 1216 τῶν
533 1149 698 1238 ἐπαρχιῶν
726 1150 782 1217 καί
811 1147 870 1229 τὰς
893 1146 1126 1238 στρατιωτικὰς
1148 1145 1300 1234 δυνοίμεις

126 1253 267 1346 ἀιγέντας
289 1258 347 1324 ἐπὶ
370 1262 418 1345 τῷ
440 1254 533 1346 δήμῳ
557 1256 707 1344 γενέσθαι
732 1257 788 1323 καὶ
812 1258 874 1336 τῶν
897 1256 1137 1345 πεπραγμένων
1160 1251 1301 1336 εὐθύνας

127 1360 288 1447 ὑποσχεῖν.
334 1363 386 1427 De
409 1361 518 1427 eadem
547 1362 586 1426 cf.
611 1364 696 1426 vitae
720 1361 866 1427 Caesaris
890 1384 916 1426 c.
938 1365 978 1426 30
1008 1371 1041 1427 et
1063 1362 1195 1426 Antonii
1220 1385 1245 1427 c.
1271 1366 1299 1427 5.

123 1470 213 1547 Quas
243 1471 329 1556 pacis
360 1468 562 1534 condiciones
592 1470 795 1555 proposuerit
825 1477 857 1532 ct
887 1468 955 1555 ipse
983 1468 1102 1534 Caesar
1131 1469 1229 1533 refert
1259 1469 1299 1534 de

122 1576 206 1641 bello
229 1576 314 1641 civili
330 1576 349 1639 Ι
366 1580 394 1656 9,
408 1581 443 1642 3:
467 1570 487 1640 ‘.
504 1627 510 1639 .
527 1625 535 1640 .
551 1598 620 1638 cum
646 1576 766 1639 litteras
790 1574 831 1639 ad
855 1583 996 1639 senatum
1014 1576 1134 1639 miserit
1150 1574 1298 1658 (Caesar),

123 1691 160 1747 ut
182 1706 290 1747 omnes
314 1683 353 1748 ab
372 1683 562 1747 exercitibus
579 1681 786 1763 discederent,
811 1704 849 1746 ne
866 1681 898 1745 id
915 1681 1042 1767 quidem
1057 1676 1297 1768 impetravisse,'

125 1797 158 1852 et
181 1789 350 1853 Suetonius
374 1790 406 1852 in
434 1791 518 1852 vitae
547 1788 612 1852 divi
641 1788 707 1852 δολί
730 1812 757 1853 c.
779 1793 838 1854 29:
868 1787 1027 1854 ‘senatum
1049 1789 1162 1854 litteris
1186 1788 1299 1875 depre-

125 1902 215 1959 catus
243 1903 292 1959 est
321 1918 361 1959 ne
391 1896 450 1959 sibi
481 1895 667 1959 beneficium
698 1897 807 1982 populi
837 1894 1028 1960 adimeretur
1055 1904 1110 1960 aut
1139 1905 1174 1960 ut
1201 1897 1297 1960 ceteri

126 2025 249 2088 quoque
280 2004 483 2088 imperatores
513 2003 553 2067 ab
583 2003 774 2067 exercitibus
804 1996 1021 2068 discederent?
1075 2003 1175 2068 Recte
1203 2004 1298 2089 igitur

123 2109 312 2173 Plutarchus
345 2131 407 2173 non
440 2110 540 2173 solum
573 2109 642 2173 illas
676 2109 878 2175 condiciones
911 2112 1079 2195 significat,
1112 2110 1168 2174 scd
1203 2111 1296 2174 etiam

122 2216 315 2305 ἐπαγωγοὺς
346 2239 423 2301 quas
457 2215 534 2280 dicit
566 2209 660 2300 ἀχλοο
693 2217 889 2309 προκλήσεις
922 2217 1108 2281 affinitatem
1140 2217 1297 2304 quandam

121 2323 197 2387 mihi
221 2323 371 2388 videntur
393 2323 508 2388 habere
532 2347 602 2388 cum
628 2323 771 2389 Suetonii
797 2325 919 2389 verbis:
949 2321 1003 2389 ‘ne
1027 2325 1086 2390 sibi
1111 2325 1297 2390 beneficium

121 2430 230 2517 populi
254 2427 461 2494 adimeretur?

229 2537 321 2600 Aliae
349 2537 471 2601 litterae
500 2537 540 2602 ad
569 2536 679 2602 eadem
708 2546 850 2624 tempora
878 2546 1057 2624 spectantes
1086 2548 1297 2604 memorantur

124 2642 155 2704 iu
180 2644 264 2706 vitae
288 2642 432 2707 Caesaris
456 2667 482 2708 c.
500 2648 555 2710 31:
581 2643 672 2734 παρά
697 2645 864 2732 Καίσαρος
887 2635 964 2734 ἧκον
989 2647 1162 2713 ἐπιστολαὶ
1185 2673 1295 2735 μετρι-

124 2746 211 2830 οίζειν
240 2752 423 2830 δοκοῦντος·
453 2747 543 2841 ἠξίου
573 2751 633 2839 γὰρ
666 2745 763 2841 ἀιγεὶς
795 2749 833 2818 acl
867 2745 949 2818 ἀλλα
982 2749 1092 2818 πάντα
1125 2749 1183 2841 τήν
1212 2750 1300 2833 ἕντδς

114 2847 267 2924 ’Ἄλπεων
291 2858 347 2925 καὶ
370 2854 408 2925 τὸ
431 2854 603 2948 Ἰλλυρικὸν
625 2856 709 2943 μετὰ
732 2861 822 2926 δυοῖν
844 2855 1013 2945 ταγμάτων
1038 2851 1123 2947 αὐτῷ
1149 2861 1298 2948 δοθῆναι,

122 2963 217 3051 μέχρι
240 2953 278 3031 οὗ
300 2962 358 3054 τὴν
382 2965 531 3052 δευτέραν
554 2962 716 3033 ὑπατείαν
740 2966 874 3050 μέτεισι.
922 2964 973 3028 Dc
992 2965 1107 3050 quibus
1131 2965 1298 3050 postulatis

123 3067 201 3132 baec
225 3069 393 3136 Suetonius
422 3072 441 3135 l.
460 3072 479 3135 l.
507 3094 534 3135 c.
552 3075 610 3135 29:
645 3066 727 3135 ‘cum
759 3071 948 3136 adversariis
979 3078 1082 3135 antem
1113 3072 1235 3157 pepigit
1263 3080 1299 3135 ut

121 3175 259 3242 dimissis
280 3186 351 3242 octo
375 3179 551 3264 legionibus
568 3178 836 3264 Transalpinaque
854 3177 959 3243 Gallia
982 3178 1062 3242 duae
1081 3179 1141 3243 sibi
1157 3178 1297 3264 legiones

120 3293 153 3348 et
176 3283 338 3372 Cisalpina
367 3286 531 3371 provincia
561 3286 612 3350 vel
643 3287 736 3350 etiam
766 3308 828 3349 una
855 3285 937 3370 legio
968 3309 1037 3349 cum
1068 3286 1195 3371 Illyrico
1223 3309 1297 3350 con-

119 3389 297 3470 cederetur,
338 3392 442 3476 quoad
476 3394 585 3457 consul
619 3389 724 3458 lieret.³
788 3393 883 3457 Patet
916 3393 956 3457 ab
994 3393 1054 3456 hoc
1092 3393 1296 3457 Plutarchum

121 3494 313 3577 aliquantum
338 3496 524 3583 discrepare.
570 3499 634 3563 Sed
663 3509 822 3584 utcunque
851 3500 928 3564 haec
957 3498 1169 3586 discrepantia
1197 3500 1297 3584 expli-

121 3606 219 3678 catur,
242 3600 404 3665 Plutarchi
427 3605 608 3668 memoriam
631 3608 793 3670 confirmat
816 3608 983 3692 Appianas
1007 3607 1078 3671 bell.
1102 3607 1161 3670 civ.
1184 3605 1294 3670 1132:

120 3703 194 3786 τοδς
224 3696 279 3773 οὖν
309 3707 423 3799 ιγίλους
453 3710 596 3778 ἐκέλευεν
626 3709 711 3801 ὑπὲρ
743 3709 843 3781 αἰτοῦ
872 3717 1033 3804 συμβῆναι
1064 3710 1103 3779 τὰ
1132 3713 1190 3797 μέν
1213 3707 1296 3780 ἀλλα

120 3806 217 3882 αάτδν
240 3812 321 3906 ἔθνη
351 3818 408 3884 καὶ
438 3815 640 3906 στρατόπεδα
671 3814 926 3911 ἀποθήσεσθαι,
955 3819 1040 3905 μόνα
1069 3812 1101 3886 δ’
1127 3820 1209 3902 ἕξειν
1238 3817 1295 3887 δύο

119 3922 195 4012 τέλη
219 3922 276 3989 καί
298 3921 357 4014 τὴν
380 3917 534 4013 Ἰλλυρίδα
556 3925 638 4011 μετὰ
661 3929 717 4016 τῆς
741 3925 828 4008 έντδς
843 3919 999 3994 ’Ἀλπεων
1027 3926 1204 4010 Γαλατίας,
1234 3927 1296 4005 tog

120 4023 246 4109 ’ὕπατος
262 4025 486 4124 ἀποδειχθείη.
519 4032 731 4097 Nihilominus
743 4033 947 4098 Plutarchum
964 4033 1064 4119 ipsam
1081 4033 1160 4097 hauc
1177 4034 1295 4116 epistu-

119 4135 179 4199 lam
211 4139 381 4202 narrationi
412 4138 594 4204 adhibuisse
625 4140 815 4205 contendere
843 4141 930 4220 nolo,
960 4143 1107 4230 quoniam
1139 4140 1203 4206 ficri
1232 4159 1293 4205 uou
