3086 4732
697 313 738 373 25

237 511 402 573 Postremo
434 508 464 570 in
489 504 648 592 Lysandri
671 527 743 568 curn
767 504 853 570 Sulla
877 504 1118 590 comparationis
1143 525 1168 566 c.
1193 507 1212 567 3
1237 502 1304 566 Sal-

130 619 257 683 lustium
274 623 401 680 secutus
418 613 607 678 Plutarchus
624 619 729 676 narrat
745 611 863 676 Sullam
879 609 1002 676 civibus
1023 611 1109 696 leges
1129 608 1168 674 de
1184 610 1303 695 nuptiis

130 734 163 790 et
185 723 225 788 de
248 721 457 809 temperantia
479 720 604 798 tulisse,
634 741 704 782 curn
736 718 763 782 is
791 719 858 804 ipse
887 717 984 781 amori
1008 725 1041 781 et
1063 715 1225 781 adulteriis
1250 714 1305 780 de-

130 832 215 896 ditus
238 830 363 894 fuisset.
407 828 557 892 Fortasse
580 826 641 890 huc
664 825 824 911 pertinent
847 824 973 889 Sallust.
996 824 1088 908 irgm.
1111 823 1130 886 Ι
1154 825 1213 888 60:
1242 820 1305 886 ‘in-

130 960 241 1003 sanum
266 935 406 1018 (Sullam)
436 934 527 998 aliter
557 955 610 997 sira
643 934 799 996 sententia
829 942 922 1017 atque
952 931 1083 995 aliorum
1114 925 1305 1008 mulierum³3

131 1044 184 1108 ubi
212 1041 397 1107 Dietschius
426 1035 649 1105 ‘adulterarum
679 1039 842 1103 mulierum
876 1033 991 1102 amore'
1023 1039 1174 1125 scriptum
1206 1037 1305 1120 fuisse

131 1150 318 1236 suspicatur.
356 1148 407 1212 Ita
425 1147 504 1211 haec
527 1169 597 1211 cum
622 1147 661 1210 iis
677 1147 848 1210 concinunt
871 1167 950 1230 quae
974 1143 1014 1209 de
1038 1143 1142 1210 Sullae
1165 1143 1304 1209 moribus

132 1256 320 1321 Plutarchus
352 1253 502 1320 Sallustio
535 1261 662 1318 auctore
694 1252 813 1318 refert..
853 1251 969 1316 Tribus
1007 1259 1112 1316 autem
1146 1251 1195 1315 his
1227 1250 1304 1314 locis

130 1363 334 1428 Plutarchum
357 1361 435 1448 ipsis
460 1361 601 1426 Sallustii
625 1359 765 1423 historiis
794 1382 886 1423 usum
916 1381 986 1423 esse
1015 1380 1077 1423 non
1101 1366 1151 1422 est
1173 1381 1229 1423 cur
1251 1381 1306 1422 ne-

128 1479 231 1556 getm,
253 1469 437 1556 praesertim
462 1491 533 1532 cum
558 1467 651 1531 etiam
676 1467 749 1531 alibi
772 1488 843 1530 curn
862 1467 930 1530 eius
946 1465 1086 1530 historiis
1101 1467 1305 1530 consentiatl.

237 1577 306 1640 Iam
330 1576 424 1640 venio
448 1574 487 1639 ad
512 1574 712 1654 Ciceronem,
742 1575 831 1637 cuius
862 1573 988 1658 scriptis
1018 1595 1094 1636 num
1117 1571 1305 1636 Plutarchus

130 1686 200 1770 ipse
224 1706 300 1748 usus
324 1683 366 1748 sit
388 1684 470 1746 inter
494 1683 578 1746 viros
594 1681 706 1746 doctos
727 1678 811 1744 haud
830 1686 963 1744 constet.
997 1679 1047 1744 Ac
1065 1679 1306 1747 Volkmannus2

133 1789 260 1874 quidem
284 1787 324 1852 de
347 1788 406 1851 hac
429 1811 462 1852 re
485 1788 546 1851 hoc
568 1787 630 1851 fert
652 1786 819 1851 iudicium:
853 1786 927 1851 dass
951 1786 1100 1850 Plutarch
1123 1786 1306 1851 lateinische

135 1894 295 1960 Schriften
312 1894 442 1959 Ciceros
466 1893 565 1958 selbst
587 1893 713 1978 gelesen
738 1893 827 1970 habe,
851 1892 928 1957 wird
952 1892 1100 1958 niemand
1118 1893 1306 1979 behaupten,

134 2001 192 2066 der
214 2001 367 2079 bedenlrt‚
395 2000 468 2065 dass
498 2000 596 2065 selbst
619 2001 651 2064 in
675 1999 731 2064 der
754 1999 945 2087 Biographie
969 2000 1099 2065 Ciceros
1123 2000 1189 2063 sich
1213 1999 1306 2064 keine

134 2108 218 2194 Spur
241 2109 329 2172 einer
351 2106 529 2192 derartigen
552 2107 690 2172 Lectiire
714 2107 910 2172 nachweisen
934 2107 1021 2191 laisst
1062 2107 1230 2174 Vielmehr
1252 2107 1307 2171 hat

132 2237 167 2280 er
189 2215 277 2279 diese
305 2215 392 2278 scine
415 2214 511 2278 Notiz
542 2215 573 2277 in
603 2213 713 2298 irgend
745 2214 847 2280 einem
877 2214 1091 2299 griechischen
1115 2214 1225 2279 Buche
1253 2236 1307 2300 ge-

131 2321 267 2402 lunden,
298 2318 354 2386 das
378 2321 442 2385 ihm
467 2320 513 2384 als
536 2320 651 2398 Quelle
676 2320 797 2400 dicate,
828 2319 891 2384 und
915 2320 1029 2385 daraus
1053 2320 1307 2408 abgeschrieben.

132 2428 197 2494 Sed
220 2430 290 2514 quis
318 2429 371 2493 ille
401 2436 511 2492 auctor
534 2428 675 2500 Graecus
703 2427 800 2492 fuerit
822 2427 907 2513 apud
930 2428 1169 2495 Volkmannum
1191 2429 1308 2494 frustra

133 2558 280 2619 quaeres3
311 2538 342 2598 in
367 2535 529 2600 Ciceronis
560 2543 665 2598 autem
696 2537 761 2599 vita
784 2535 961 2619 complures
991 2535 1077 2599 locos
1101 2534 1142 2599 ad
1165 2534 1306 2600 eiusdem

136 2642 252 2726 scripta
283 2645 438 2727 pertinere
472 2641 566 2728 paulo
599 2641 680 2704 infra
712 2640 944 2705 demonstrabo.
989 2641 1099 2705 Minus
1132 2665 1188 2726 pro
1221 2651 1306 2706 certo

133 2771 200 2812 rem
223 2747 319 2812 habet
335 2748 590 2827 Wichmannusi,
613 2770 693 2826 cum,
717 2770 756 2810 ne
780 2747 874 2810 ullius
897 2748 942 2810 rei
965 2747 1102 2811 incertae
1126 2755 1235 2813 auctor
1257 2750 1307 2826 sit,

133 2855 217 2919 illam
250 2855 282 2918 in
316 2854 420 2920 medio
452 2857 616 2941 relinquat.
661 2854 774 2939 Neque
803 2854 892 2918 Ls04
922 2853 962 2918 ad
993 2877 1061 2918 eam
1091 2855 1306 2940 quaestionem

134 2961 365 3027 diiudicandum
401 2961 572 3047 quidquam
607 2961 755 3040 contulit,
795 2984 866 3025 curn
906 2983 945 3024 ex
980 2983 1017 3026 ea
1051 2961 1120 3047 ipsa
1154 2983 1187 3025 re
1222 2961 1307 3046 quod

135 3067 295 3133 Ciceronis
327 3070 514 3134 auctoritate
548 3067 732 3131 Plutarchus
762 3076 827 3131 tam
859 3090 953 3153 saepe
987 3075 1126 3132 uteretur
1156 3068 1238 3132 hunc
1268 3091 1307 3132 ex

132 3175 186 3239 illo
219 3184 377 3263 tamqnam
409 3175 497 3240 fonte
529 3174 673 3238 hausisse
706 3174 875 3258 colligeret.
926 3174 1018 3252 Quae
1049 3198 1120 3239 curn
1153 3176 1195 3240 sit
1225 3178 1307 3241 inter

133 3282 219 3347 viros
243 3283 354 3348 doctos
378 3283 548 3361 dissensi0,
572 3304 686 3368 operae
710 3280 845 3368 pretium
870 3280 996 3345 videtur
1019 3304 1089 3348 esse
1112 3305 1192 3369 quae
1215 3283 1308 3348 affert

132 3388 320 3452 Plutarchus
350 3412 368 3452 e
398 3390 551 3455 Cicerone
582 3388 761 3465 testimonia
793 3397 944 3474 qnantum
980 3413 1052 3454 cum
1082 3393 1208 3478 scriptis
1239 3391 1306 3454 eius

243 3615 250 3644 ¹
266 3615 330 3670 Hoc
344 3616 378 3669 de
394 3618 488 3671 multis
501 3619 680 3674 historiarum
695 3621 858 3690 fragmentis
873 3623 962 3688 Peter,
977 3621 1021 3675 die
1031 3621 1148 3688 Quellen
1160 3620 1306 3674 Plutarchs

133 3705 161 3756 in
188 3703 241 3757 den
267 3704 468 3775 Biographieen
492 3706 542 3761 der
560 3708 662 3762 Romer
681 3725 707 3779 p.
734 3711 768 3764 62
795 3711 927 3776 ostendit;
956 3710 1029 3764 idem
1055 3709 1136 3776 Otto,
1164 3709 1307 3781 Leipziger

133 3792 250 3848 Studien
270 3794 361 3865 suppl.
381 3794 425 3848 XI
444 3814 471 3868 p.
487 3800 538 3852 315
558 3803 586 3852 et
604 3797 844 3867 Maurenbrecher,
864 3800 976 3856 Sallust.
996 3799 1060 3852 hist.
1080 3799 1137 3852 rell.
1159 3817 1185 3869 p.
1200 3800 1233 3852 27
1248 3818 1305 3870 sqq.

133 3887 161 3935 ct
179 3883 214 3937 48
232 3900 290 3954 sqq.
311 3883 459 3938 affirmant.

241 3973 251 4002 ²
268 3972 301 4026 L.
321 3973 339 4026 l.
380 4016 385 4026 .
406 3975 466 4029 225.

240 4063 250 4091 ³
269 4063 312 4116 De
331 3992 474 4118 Plirtarchi
494 4064 522 4118 in
542 4065 605 4118 vitis
624 4065 703 4119 Bruti
722 4071 750 4119 et
770 4066 885 4121 Antonii
905 4065 1029 4121 fontibus
1047 4085 1073 4137 p.
1093 4070 1128 4122 56
1147 4084 1204 4138 sqq.

238 4153 249 4181 ⁴
268 4152 300 4205 L.
320 4153 337 4206 l.
357 4171 384 4224 p.
404 4155 439 4209 30
458 4159 486 4208 et
505 4157 546 4209 31.
