3086 4732
687 318 726 378 21

600 409 814 416 m

122 514 253 606 ιμοριάς
275 510 443 604 dracontii*
467 519 653 600 νιαριιοχεῖν.
690 511 752 574 Sed
778 512 807 573 in
833 509 973 574 eiusdem
992 511 1075 574 vitae
1095 532 1118 574 c.
1134 513 1184 588 52,
1207 516 1294 594 post-

121 643 213 706 quam
238 620 391 685 Catonem
415 619 582 697 Marciam,
613 617 745 681 divitem
776 616 930 702 quandam
956 615 1096 695 viduam,
1127 616 1158 678 in
1189 616 1295 679 matri·

120 729 259 792 monium
292 726 421 790 duxisse
455 726 593 811 scripsit,
629 725 828 789 Anticatonis
863 724 946 787 hunc
983 723 1014 786 in
1053 721 1179 786 modum
1215 720 1295 786 'facit

121 836 328 899 mentionem:
354 833 400 913 εἷς
415 825 433 900 ii
450 833 489 924 dr}
505 830 645 918 μάλιστα
662 829 904 921 λοιδορούμενος
925 825 942 897 d
958 836 1086 919 Καῖσαρ
1101 835 1147 918 τῷ
1164 827 1293 896 Καιιονι

121 941 360 1031 ιμλοιιλουιιάν
390 941 545 1029 νιροιμέρει
582 941 636 1006 καί
667 938 865 1026 μισθαρνίαν
900 938 957 1004 ε’νιὶ
992 941 1036 1024 νῷ
1066 937 1167 1026 γάμῳ.
1221 936 1294 999 Ηοο

121 1045 217 1132 igitrir
250 1048 320 1112 loco
349 1065 424 1110 'cum
460 1047 577 1110 Cacsar
612 1046 726 1110 Catoni
761 1047 896 1109 maxime
932 1044 1138 1130 exprobrasse
1174 1042 1296 1106 dicatur

122 1155 302 1234 avaritiam,
335 1156 437 1240 priore
470 1163 579 1217 contra
611 1152 820 1216 diffidentiam
853 1153 920 1216 eius
953 1152 985 1214 in
1016 1153 1148 1229 amicos
1180 1149 1294 1234 legisse

122 1261 248 1346 quidem
274 1270 437 1346 utrumque
467 1261 500 1325 in
523 1261 714 1324 Anticatone
738 1258 925 1323 Plutarchus
950 1257 1088 1338 videtur,
1119 1257 1175 1321 sed
1205 1256 1295 1321 festi-

122 1376 232 1432 nanter
252 1375 284 1432 et
303 1389 413 1452 parum
432 1367 628 1431 considerate
645 1369 828 1430 aestimasse
845 1363 1083 1451 opprobriorum
1100 1365 1295 1449 gravitatem.
1334 1395 1338 1402 ·

120 1475 212 1552 Quae
243 1497 311 1538 cunr
343 1475 387 1538 ita
417 1475 480 1538 sint
509 1496 605 1538 causa
635 1496 698 1536 uon
729 1472 856 1536 videtur
885 1495 954 1536 esse
985 1494 1041 1536 cor
1070 1473 1174 1556 ipsum
1202 1471 1295 1535 Anti-

120 1589 263 1646 catouem
287 1581 457 1645 Plutarcho
481 1583 512 1644 iu
537 1580 680 1644 manibus
704 1580 802 1644 fuisse
826 1602 985 1664 negemus.

227 1688 296 1751 Iam
327 1689 421 1752 venio
452 1687 492 1750 ad
523 1688 681 1750 orationes
712 1687 890 1751 aCaesare
920 1686 1051 1750 habitas.
1098 1685 1148 1749 De
1180 1687 1295 1749 eximia

123 1796 190 1856 eius
215 1792 340 1856 dicendi
363 1794 513 1857 facultate
538 1793 650 1857 Cicero
674 1795 704 1857 in
730 1795 821 1857 Bruti
845 1817 870 1857 c.
896 1797 936 1856 72
960 1793 1020 1856 hoc
1043 1791 1106 1856 fert
1129 1791 1293 1856 iudicium:

122 1895 175 1963 ‘de
192 1900 327 1964 Caesare
351 1908 381 1963 et
406 1900 474 1985 ipse
498 1900 541 1963 ita
564 1899 669 1964 iudico
686 1949 693 1963 .
710 1949 716 1963 .
734 1951 739 1963 .
758 1950 764 1963 .
787 1900 873 1963 illum
898 1902 1035 1964 omnium
1052 1899 1119 1963 fere
1137 1908 1294 1964 oratorum

123 2006 237 2070 Latine
256 2006 342 2092 loqui
365 2007 607 2091 elegantissime,
631 2030 687 2070 nec
704 2008 735 2070 id
753 2006 853 2072 solum
869 2006 1042 2072 domestica
1057 2005 1294 2086 cousuetudine,

225 2112 281 2178 sed
415 2114 521 2176 multis
551 2114 665 2178 litteris
696 2122 728 2178 et
758 2114 803 2178 eis
833 2113 959 2198 quidem
984 2113 1154 2178 reconditis
1186 2123 1217 2178 et
1241 2136 1295 2178 ex-

121 2220 245 2311 quisitis
270 2242 454 2305 summoque
479 2219 584 2284 studio
608 2228 641 2283 et
656 2219 819 2306 diligentia
842 2230 892 2285 est
914 2215 1121 2299 consecutus}
1146 2243 1181 2284 ac
1200 2220 1294 2307 paulo

121 2327 203 2390 infra
233 2331 283 2406 75,
308 2329 388 2391 262:
427 2323 597 2392 ‘orationes
628 2327 753 2412 quidem
785 2329 852 2391 eius
884 2328 959 2391 mihi
989 2327 1194 2392 vehementer
1223 2351 1295 2413 pro-

120 2434 243 2514 bantur,
266 2434 442 2520 complures
466 2443 569 2498 autem
590 2430 671 2519 legi'
706 2435 826 2499 Eadem
844 2435 1007 2500 Ciceronis
1025 2435 1121 2498 verba
1137 2437 1294 2499 orationes

123 2539 268 2604 Caesaris
292 2549 346 2603 aut
369 2563 477 2605 omnes
502 2549 555 2604 aut
579 2564 690 2626 magna
711 2551 855 2627 exparte
879 2542 992 2605 litteris
1009 2540 1172 2604 mandatas
1195 2541 1294 2605 fuisse

124 2643 246 2709 docent.
289 2646 437 2710 Attamen
462 2647 598 2711 frustula
620 2657 741 2712 tantum
766 2656 852 2710 aetas
876 2649 966 2710 nobis
991 2649 1157 2723 concessit,
1180 2648 1294 2731 quihus

123 2774 193 2814 cum
217 2751 386 2815 Plutarcho
410 2756 599 2840 comparatis
630 2755 661 2817 in
692 2755 750 2818 hac
774 2754 957 2838 quaestione
981 2776 1042 2816 uon
1067 2753 1198 2817 multum
1223 2777 1294 2838 pro-

121 2859 250 2923 ficimus.
288 2859 370 2922 Nam
395 2862 545 2924 orationis
570 2863 600 2924 in
618 2861 814 2925 Dolabellam
832 2861 966 2940 habitae,
990 2861 1078 2924 cuius
1103 2862 1293 2924 mentionem

123 2965 153 3026 in
187 2967 270 3029 vitae
303 2966 449 3031 Caesaris
484 2990 510 3030 c.
540 2971 560 3030 4
592 2968 780 3032 Plutarchus
812 2969 948 3046 iniecit1,
985 2977 1017 3031 et
1049 2967 1088 3031 ab
1121 2967 1180 3031 hoc
1213 2976 1245 3032 et
1276 2992 1295 3031 a

123 3069 294 3136 Suetoni02
316 3074 394 3137 nihil
417 3075 479 3136 nisi
502 3095 627 3137 causam
651 3073 814 3152 discimus,
845 3083 877 3137 et
906 3097 945 3137 ne
973 3075 1053 3137 hanc
1083 3074 1209 3159 quidem
1240 3075 1293 3160 qui

120 3188 282 3263 practerea
306 3203 374 3244 eam
398 3190 643 3245 commemorant
667 3181 871 3265 significauit.
917 3179 1009 3244 Idem
1036 3181 1102 3245 fere
1125 3181 1239 3245 accidit
1262 3183 1293 3246 in

120 3308 157 3349 ea
180 3309 272 3372 quam
297 3287 415 3352 Caesar
438 3289 469 3351 in
494 3290 667 3352 Antonium
692 3288 814 3368 habuit,
844 3311 1030 3373 quamquam
1062 3288 1102 3353 de
1133 3312 1170 3353 ea
1200 3291 1293 3375 paulo

120 3393 210 3474 plura
233 3392 349 3456 tradita
372 3395 558 3479 accepimus.
603 3395 654 3459 De
678 3419 740 3480 qua
762 3395 950 3460 Plutarchus
974 3395 993 3459 l.
1010 3396 1042 3460 l.:
1069 3390 1085 3464 ὃ
1110 3397 1145 3464 δὲ
1166 3404 1293 3484 Καῖσαρ

121 3490 335 3580 ἀμειβόμενος
373 3497 430 3588 τὴν
460 3497 598 3568 Ἑλλάδα
637 3506 692 3591 τῆς
726 3502 917 3590 προθυμίας
955 3503 1178 3593 συνηγόρευσεν
1214 3504 1294 3591 αὐτῇ

212 3697 239 3736 ’1
258 3707 411 3761 ἐπανελθὼν
437 3711 461 3763 d'
484 3713 519 3768 εἰς
541 3713 647 3779 Ῥώμην
667 3714 829 3781 Δολοβέλλαν
853 3717 938 3782 ἔκρινε
963 3717 988 3782 (o‘
1006 3717 1121 3782 Καῖσαρ)
1145 3716 1293 3774 κακώσεως

119 3797 254 3866 ἐπαρχίας.

228 3887 238 3916 ²
257 3887 329 3941 vitae
348 3887 405 3942 divi
420 3889 478 3943 Juli
499 3907 521 3944 c.
539 3893 567 3943 4:
584 3891 755 3945 ‘Cornelium
773 3892 945 3947 Dolabellam
962 3893 1130 3947 consularem
1152 3899 1178 3946 et
1198 3895 1293 3947 trium-

120 3974 230 4045 phalem
249 3977 465 4047 repetundarum
484 3980 649 4048 postulavit?
816 3976 818 3981 ’

228 4065 238 4094 ³
255 4066 367 4120 Tacitus
387 4067 421 4121 de
440 4079 509 4122 orat.
525 4071 566 4122 34.
595 4069 723 4124 Valerius
743 4072 882 4124 Maximus
897 4072 972 4125 VIII
994 4075 1018 4138 a,
1038 4076 1062 4125 3.
1090 4071 1196 4126 Gellius
1211 4072 1292 4125 Noct.

120 4153 204 4208 Attio.
224 4153 269 4208 IV
289 4157 331 4222 16,
352 4159 393 4212 18.
