3086 4732
722 259 763 319 55

635 348 848 356 μ*-

147 446 333 538 χρήσαοθαι
358 447 413 516 τὸν
436 447 624 540 Πομπήϊον.
655 448 871 536 ἐπιστάμενον
899 450 959 541 γάρ
987 449 1031 532 ὡς
1061 451 1130 520 ἔστι
1159 454 1331 542 φιλολόγος

148 555 231 645 οἶνήρ
255 556 311 623 καὶ
342 556 531 646 φιλομαθής
561 557 593 623 έν
625 552 743 643 ὀλίγοις
773 555 790 626 ὁ
819 550 1026 648 Οόαλλέριος,
1058 554 1102 639 aig
1131 551 1216 654 ήχθή
1246 558 1330 648 πρὸς

148 658 253 731 αὐτὸν
276 661 547 749 ἐπισπασάμενον
570 664 624 731 καὶ
642 662 977 755 συμπεριπατήσαντα
1001 666 1056 733 καὶ
1075 665 1265 752 πυθόμενον
1284 657 1329 734 aiv

147 768 259 860 ἔχρῃζε
286 771 352 854 καὶΙ
371 769 526 855 μαθόντα
554 768 738 858 προστάξαι
767 778 835 852 τοῖς
865 767 1045 866 ὑπηρέταις
1063 769 1175 854 ἐὐθὺς
1204 769 1329 842 ἀνελεῖν

148 872 391 965 ἀπαγαγόντας.
416 871 486 944 ἀλλ’
501 873 632 966 Ὀππίῳ
654 879 722 964 μέν,
747 875 824 946 όταν
847 880 928 969 περὶ
951 885 1016 946 τῶν
1037 879 1203 970 Καίσαρος
1225 884 1327 948 πολε-

147 983 234 1070 μίαν
257 976 277 1076 ἢ
300 983 404 1075 φίλιον
428 986 621 1077 διαλέγηται,
645 983 773 1075 σφόδρα
796 987 1031 1054 ὄεῖπίστεάειν
1051 980 1122 1073 ’μετ’
1148 979 1327 1073 εόλαβείας.

149 1091 233 1157 Cum
266 1091 454 1156 Plutarchus
488 1092 596 1178 Oppio
634 1099 760 1156 auctore
793 1114 855 1156 uon
891 1093 992 1174 solum
1025 1093 1148 1157 facinus
1181 1093 1326 1180 Pompeii

150 1205 265 1278 narret,
288 1198 346 1264 sed
369 1201 464 1263 etiam
487 1198 527 1264 de
550 1199 634 1266 illius
652 1198 714 1264 fide
731 1221 821 1266 suum
838 1199 979 1285 proferat
994 1200 1154 1279 iudicium,
1177 1200 1210 1263 in
1227 1200 1327 1286 Oppii

150 1307 220 1378 vita
241 1304 408 1370 Caesaris¹
432 1307 500 1391 ipse
523 1306 600 1370 haec
624 1305 750 1370 videtur
772 1305 896 1392 legisse.

257 1411 403 1476 Alterum
426 1414 641 1477 testimonium
665 1413 806 1478 indidem
829 1415 962 1499 petitum
979 1412 1168 1478 Plutarchus
1193 1414 1224 1477 in
1242 1417 1326 1480 vitae

151 1519 296 1586 Caesaris
320 1542 345 1584 c.
371 1523 410 1584 17
441 1519 547 1585 affert:
581 1523 613 1590 έν
638 1521 742 1611 ἐκείνῃ
766 1523 802 1588 δὲ
829 1527 869 1612 τῇ
893 1520 1043 1610 στρατείᾳ
1065 1518 1326 1612 προσεξήσιήσεν

153 1624 373 1713 ἱππαζόμενος
388 1626 446 1708 τάς
458 1626 642 1707 ,ἐπιστολάς
656 1624 869 1717 ὑπαγορεύειν
881 1629 937 1695 καὶ
950 1629 1040 1695 δυσὶν
1052 1625 1133 1713 ὁμοῦ
1149 1620 1326 1718 γράφουσιν

155 1734 302 1821 ἐξαρκεῖν,
326 1729 370 1816 ὡς
393 1735 429 1802 δὲ
444 1729 599 1814 Ὄππιός
622 1758 711 1826 φησι,
735 1735 790 1801 καὶ
815 1733 954 1801 πλείοσι.
1003 1735 1138 1820 Oppius
1163 1757 1232 1797 cum
1256 1735 1325 1820 ipse

151 1840 180 1904 in
198 1839 344 1906 Caesaris
360 1840 527 1906 comitibus
544 1847 659 1921 esset2,
681 1839 762 1906 hano
778 1840 923 1906 Caesaris
947 1841 1208 1905 consuetudinem
1231 1840 1323 1905 facile

149 1948 348 2029 observabat,
371 1954 465 2034 atque
481 1949 684 2012 Plutarchum
703 1947 754 2011 hic
770 1947 882 2016 eodem
899 1946 993 2011 modo
1010 1954 1103 2032 atque
1120 1948 1152 2009 in
1168 1948 1323 2011 narrando

147 2055 292 2142 Pompeii
324 2055 461 2119 facinore
494 2055 637 2141 Oppium
670 2063 812 2120 secutum
845 2077 914 2118 esse
949 2053 1111 2140 probabile
1144 2063 1209 2134 est3
1247 2055 1321 2139 quin

146 2163 243 2226 etiam
268 2169 366 2228 totam
389 2165 523 2248 priorem
542 2163 625 2228 vitae
643 2162 788 2226 Caesaris
808 2169 930 2248 partem
945 2160 1149 2226 Plutarchum
1167 2184 1206 2224 ex
1223 2161 1322 2247 Oppii

146 2268 228 2333 libro
251 2270 424 2356 sumpsisse
448 2268 888 2336 Thouretusademonstrare
912 2268 1042 2333 studuit.

256 2375 421 2443 Cornelius
445 2377 555 2462 Nepos
579 2377 750 2442 Plutarcho
774 2383 922 2461 quattuor
944 2377 1022 2440 locis
1045 2385 1154 2439 auctor
1176 2382 1238 2455 est,
1269 2377 1323 2461 qui

146 2483 179 2546 in
203 2485 338 2548 vitarum
362 2506 454 2568 quem
478 2484 629 2550 habemus
652 2483 759 2548 libello
783 2506 845 2548 non
869 2484 1080 2547 inveniuntur.
1127 2483 1267 2546 Primum
1291 2484 1321 2544 in

147 2590 232 2654 vitae
256 2591 400 2655 Marcelli
428 2613 453 2654 o.
479 2594 519 2655 30
544 2590 755 2658 Hannibalem
781 2589 926 2653 Marcelli
957 2611 1071 2674 corpus
1095 2588 1190 2672 digno
1214 2588 1322 2652 habitu

147 2705 291 2762 ornatum
315 2700 345 2760 iu
363 2720 473 2782 rogum
497 2697 685 2782 imposuisse
709 2718 746 2760 ac
769 2696 917 2780 reliquias
941 2694 981 2758 ad
997 2695 1093 2758 lilium
1115 2697 1182 2758 eius
1198 2695 1322 2758 misisse

147 2807 266 2884 narrat;
290 2803 405 2868 deinde
421 2803 569 2868 Numidis
593 2806 646 2888 qui
670 2803 797 2868 obviam
815 2803 978 2868 venientes
1003 2823 1075 2865 ossa
1099 2801 1323 2886 dispersissent

147 2934 249 2997 poena
282 2910 403 2976 affectis
436 2911 552 2975 nullam
584 2914 646 2975 iam
679 2911 819 2996 reliquiis
852 2908 1015 2974 mittendis
1048 2917 1102 2972 aut
1132 2907 1321 2993 sepeliendis

147 3041 253 3083 curam
277 3042 347 3083 eum
371 3017 553 3082 adhibuisse
577 3018 686 3082 scribit
709 3026 741 3082 et
764 3019 810 3081 sic
834 3017 952 3102 pergit:
987 3022 1088 3082 ταῦτα
1115 3015 1176 3099 μέν
1205 3007 1261 3083 οὖν
1291 3012 1321 3081 oi

147 3127 224 3215 περὶ
254 3124 432 3216 Κορνήλιον
449 3126 609 3215 ΙΝέπωτα
639 3125 696 3192 καὶ
725 3119 918 3211 Οὐαλλέριον
941 3115 1096 3206 Μάξιμον
1127 3120 1321 3211 ἱστορήκασι,

147 3233 187 3297 ab
211 3255 319 3297 eorum
342 3233 492 3297 memoria
515 3233 641 3296 Livium
671 3240 703 3295 et
726 3232 907 3316 Augustum
931 3228 1115 3293 discessisse
1139 3227 1322 3313 adiungens.

147 3339 273 3404 Deinde
297 3341 330 3404 in
352 3339 524 3426 Pelopidae
548 3362 618 3403 cum
642 3338 794 3402 Marcello
823 3336 1065 3423 comparationis
1090 3358 1116 3400 c.
1142 3339 1158 3399 1
1184 3335 1322 3413 Livium,

147 3447 338 3532 Augustum,
361 3447 520 3532 Nepotem
544 3446 690 3532 appellat,
714 3448 767 3530 qui
791 3443 1004 3508 Hannibalem
1027 3465 1045 3506 a
1068 3442 1221 3506 Marcello
1244 3463 1323 3503 non-

148 3577 306 3640 nunquam
326 3553 472 3639 'fugatum
498 3575 567 3616 esse
591 3554 782 3638 scripserint.

254 3661 336 3726 Tum
361 3661 393 3724 iu
410 3661 495 3726 vitae
514 3659 639 3723 Luculli
654 3680 680 3722 c.
697 3662 739 3723 43
756 3656 943 3720 Plutarchus
960 3657 1070 3734 famae,
1093 3677 1155 3739 qua
1170 3653 1321 3717 Lucullus

257 3841 275 3909 ¹)
295 3839 337 3894 ct.
347 3839 465 3904 Teuffel,
485 3837 583 3893 Gesch.
603 3837 652 3892 der
670 3841 738 3891 rem.
754 3836 820 3889 Litt.
832 3838 846 3904 ξ
859 3835 918 3900 197,
930 3837 953 3887 3.
974 3831 1066 3886 Etiam
1078 3833 1160 3888 Peter
1178 3831 1321 3885 Plutarchi

149 3928 216 3984 haec
239 3928 323 3983 verba
342 3927 425 3998 Oppii
445 3928 518 3981 vitae
538 3927 662 3981 Caesaris
682 3925 813 3980 adscribit
836 3925 864 3978 in
884 3923 978 3978 histor.
997 3923 1077 3976 Rom.
1097 3923 1195 3992 fragm.
1215 3939 1241 3992 p.
1261 3922 1320 3974 249.

256 4018 327 4072 ²cf.
347 4018 419 4071 vitae
438 4016 562 4070 Caesaris
580 4033 603 4070 c.
625 4019 665 4070 17.

156 4157 159 4164 ,
232 4107 315 4165 ,311
334 4106 352 4161 L
372 4124 398 4176 p.
418 4107 470 4161 316
488 4123 546 4177 sqq.
