3086 4732
784 244 814 340 ⁶..

206 434 428 506 αἰσθάνεσθαι
461 439 513 504 καί
534 442 729 528 μειαιμορᾶς
759 433 925 523 ὅνομάιων
956 439 1011 508 ἰαί
1043 435 1196 526 ἁρμονίας
1229 439 1285 506 καί
1319 443 1377 506 reor

206 538 311 611 άλλων
345 535 393 625 οἷς
425 541 442 611 ὃ
476 538 568 632 λόγος
600 537 774 632 ἀγάλλεται
806 542 913 633 χάριεν
941 547 1001 630 μὲν
1032 541 1203 638 ἡγούμεθα
1234 547 1288 613 καί
1319 542 1378 614 οὐκ

205 647 351 739 ἀτερπές·
376 645 450 741 ἡδί
469 650 554 739 πρὸς
571 657 666 719 τοῦτο
689 652 807 744 μελέτη
831 653 886 720 καί
906 647 1041 746 ίίσκησις
1064 647 1124 719 οὐκ
1144 648 1281 743 εὐχερής,
1306 647 1376 721 ἀλλ’

205 751 322 825 οἷστισι
340 758 465 826 πλείων
482 784 517 825 τε
535 758 630 848 σχολὴ
647 760 702 826 καί
726 755 767 826 τά
790 761 847 848 τῆς
869 754 954 847 ὥρας
975 758 1023 826 ἔτι
1045 757 1131 848 πρὸς
1149 757 1208 839 τὰς
1226 759 1377 842 τοιαύτας

206 866 359 953 ἐπιχωρεῖ
381 864 576 954 φιλοτιμίας.
624 864 690 929 Ubi
714 864 776 928 duo
801 866 951 951 temporis
975 866 1077 952 spatia
1101 888 1250 952 expresse
1266 865 1378 930 distin-

204 980 354 1057 guuntur,
382 993 418 1035 ac
447 971 543 1036 verba
571 971 697 1056 quidem
728 974 783 1040 καί
808 975 943 1061 πρᾶγμα
961 1027 967 1040 .
985 961 992 1040 ἶ
1010 1026 1043 1041 ..
1069 965 1203 1059 ὀνόμασι
1229 973 1270 1038 ad
1293 973 1377 1038 idem

204 1090 329 1164 tempus
345 1085 439 1164 atque
455 1074 626 1170 ἠρξάμεθα
642 1087 795 1165 spectant,
813 1102 875 1165 quo
891 1079 1080 1146 Plutarchus
1096 1081 1209 1145 litteris
1226 1081 1377 1146 Romanis

204 1185 339 1273 primum
370 1186 508 1250 imbutus
540 1194 596 1250 est.
652 1186 732 1250 Nam
762 1185 846 1251 idem
876 1209 946 1252 esse
975 1196 1099 1274 tempus
1128 1187 1285 1277 indicatur
1308 1211 1378 1252 ver-

206 1293 315 1357 borum
351 1286 518 1384 ἠρξάμεθα
535 1333 549 1339 -
567 1291 752 1378 ἐπάσχομεν
768 1337 783 1344 -
798 1294 979 1380 συνέβαινεν
994 1293 1148 1380 -εἴχομεν
1183 1271 1376 1381 temporibus

205 1400 393 1486 praeteritis,
416 1422 517 1486 neque
541 1408 589 1463 est
613 1422 667 1463 cur
690 1401 839 1464 miremur
862 1423 933 1464 eum
957 1410 1031 1464 tuno
1055 1401 1181 1486 quidem
1206 1402 1237 1465 in
1262 1403 1378 1467 Roma-

205 1531 316 1572 norum
339 1507 465 1593 scriptis
492 1507 712 1591 intellegendis
740 1530 776 1571 ea
799 1530 833 1572 re
860 1507 1002 1572 adiutum
1026 1507 1204 1594 essequod
1228 1509 1377 1594 plurimas

204 1637 255 1680 res
286 1615 324 1678 iis
356 1622 495 1678 narratas
525 1614 587 1678 iam
617 1618 758 1699 cognitas
788 1614 925 1680 haberet.
973 1615 1082 1682 Verba
1110 1624 1219 1679 contra
1242 1613 1378 1697 κάλλους

206 1723 241 1790 δὲ
266 1749 293 1789 ι.
311 1750 337 1788 ε.
354 1725 382 1789 λ.
407 1720 447 1785 ad
475 1720 508 1785 id
534 1722 639 1806 ipsum
662 1730 787 1808 tempus
814 1721 979 1786 referenda
1006 1730 1082 1787 sunt
1104 1745 1166 1808 quo
1190 1723 1377 1788 Plutarchus

207 1827 285 1893 illud
307 1829 468 1915 professus
492 1836 553 1907 est,
584 1826 616 1891 id
640 1827 724 1914 quod
749 1837 889 1914 tempore
913 1831 1070 1914 praesenti
1094 1827 1260 1917 ἡγοίμεθα
1284 1832 1379 1915 signi-

206 1937 330 2015 ficatur3
363 1944 456 2020 atque
480 1936 528 1999 his
552 1935 679 2021 quidem
704 1935 809 1999 verbis
839 1958 902 1999 non
926 1937 1027 2022 ipsam
1050 1935 1202 2021 linguam,
1230 1937 1286 2000 sed
1311 1960 1379 2002 ora-

207 2043 302 2107 tionis
334 2043 499 2107 elationem
530 2050 624 2127 atque
654 2041 851 2106 altitudinem
880 2051 911 2106 et
942 2042 1088 2106 subtilem
1118 2052 1316 2108 venustatem
1344 2066 1378 2107 se

207 2149 456 2214 animadvertere
481 2156 583 2232 negat,
607 2149 724 2235 quippe
748 2172 809 2234 qua
832 2150 864 2212 in
887 2172 921 2213 re
944 2172 1007 2214 non
1026 2151 1157 2214 multum
1178 2154 1220 2215 sit
1235 2159 1378 2216 uersatus

207 2265 300 2342 atque
325 2258 523 2320 exercitatus
561 2255 654 2318 Hanc
677 2257 709 2318 in
734 2257 921 2320 sententiam
944 2257 1022 2320 illud
1039 2257 1199 2322 Plutarchi
1223 2258 1380 2344 accipien-

208 2364 282 2428 dum
303 2386 372 2428 esse
389 2363 483 2427 etiam
500 2385 579 2448 quae
596 2371 769 2448 sequuntur
786 2363 882 2428 verba
898 2363 1027 2429 docent:
1053 2362 1104 2432 διὸ
1127 2365 1181 2433 καί
1206 2364 1379 2454 μράφονιες

208 2474 242 2538 ἐν
266 2477 310 2560 τῷ
334 2470 450 2558 βιβλίῳ
471 2468 582 2558 τοίνιιμ,
606 2475 671 2537 τῶν
693 2467 912 2561 παραλλήλων
935 2471 1017 2558 βίων
1040 2463 1106 2539 ίίνιι
1124 2471 1278 2560 πέμπτῳ,
1302 2472 1376 2560 περὶ

208 2577 437 2672 Δημοσθένους
464 2577 519 2645 καί
544 2578 727 2665 Κικέρωνος
755 2573 824 2645 άπὸ
848 2584 912 2645 τῶν
940 2579 1088 2661 πράξεων
1112 2579 1169 2647 καί
1191 2584 1256 2646 τῶν
1278 2581 1378 2646 νιολι-

207 2691 301 2753 τειῶν
325 2683 380 2766 ιάς
407 2682 517 2775 φάσεις
541 2677 647 2752 αὐτῶν
671 2686 725 2752 καί
750 2682 806 2766 ιάς
829 2686 997 2766 διαθέσεις
1024 2686 1110 2774 πρὸς
1133 2683 1273 2775 ἀλλήλας
1301 2687 1378 2752 ἕπε’

208 2790 424 2879 σκεψόμεθα·
448 2791 483 2859 τὸ
509 2793 543 2858 δὲ
568 2791 643 2871 τοὺς
665 2788 778 2879 λόγους
801 2785 1017 2876 άνεεξειάζειν
1040 2795 1095 2859 καί
1120 2788 1378 2882 ἀποφαίνεσθαι,

208 2900 347 2989 νιόιερος
375 2896 474 2990 ἡδίων
503 2891 522 2990 ἢ
551 2896 725 2986 δεινότερος
753 2899 869 2981 εἰπεῖν,
894 2896 1040 2983 ἐάσομεν,
1092 2897 1161 2962 Iam
1192 2901 1289 2963 totius
1318 2898 1379 2962 loci

208 3007 363 3072 sententia
383 3007 548 3092 perspicua
564 3013 621 3070 est.
659 3005 847 3070 Plutarchus
864 3006 956 3085 enim,
980 3019 1049 3070 cum
1074 3007 1224 3070 orationis
1248 3007 1380 3070 Lat-inae

209 3114 394 3200 elegantiam
418 3136 481 3177 non
504 3115 581 3176 satis
605 3114 737 3188 noverit,
760 3112 986 3176 Demosthenis
1011 3121 1043 3176 et
1062 3113 1222 3176 Ciceronis
1248 3113 1379 3174 virtutes

209 3223 360 3286 oratorias
377 3243 411 3286 se
428 3221 613 3285 collaturum
633 3243 694 3283 non
715 3241 785 3284 esse
802 3221 974 3305 profitetur,
997 3217 1091 3302 quod,
1115 3240 1185 3280 cum
1202 3217 1261 3281 sibi
1281 3218 1379 3279 otium

208 3352 271 3393 non
304 3336 501 3415 suppeteret,
536 3349 597 3391 non
633 3336 753 3391 tantum
787 3325 886 3391 studii
915 3325 947 3388 in
977 3323 1195 3408 cognoscenda
1228 3325 1379 3387 sermonis

208 3436 315 3501 Latini
339 3435 512 3501 subtilitate
543 3458 579 3499 ac
608 3443 773 3499 venustate
801 3434 942 3519 posuerit
970 3440 1005 3495 ut
1031 3431 1072 3496 ad
1103 3454 1155 3496 eas
1179 3439 1263 3496 recte
1287 3431 1381 3494 aesti-

208 3542 339 3608 mandas
369 3543 518 3607 idoneum
549 3565 582 3606 se
612 3542 735 3606 sentiat.
789 3541 870 3605 Cum
901 3540 996 3626 igitur
1025 3563 1086 3604 non
1118 3539 1218 3625 ipsius
1248 3539 1381 3621 linguae,

209 3650 265 3715 sed
297 3651 447 3715 orationis
476 3650 628 3713 luminum
660 3658 754 3734 atque
784 3658 912 3713 ornatus
943 3671 977 3712 se
1008 3649 1110 3711 minus
1143 3647 1277 3732 peritum
1311 3667 1380 3709 esse

209 3757 356 3838 declaret,
380 3757 516 3843 iniquius
541 3756 580 3820 de
598 3779 635 3821 eo
654 3756 801 3820 videntur
816 3755 971 3819 iudicasse
987 3755 1040 3839 qui
1057 3777 1127 3818 eum
1145 3754 1258 3818 Latine
1282 3774 1380 3838 paene

209 3865 381 3930 nescivisse
405 3866 567 3950 exipsius
593 3863 697 3927 verbis
721 3864 872 3947 suspicati
896 3869 977 3924 sunt.

315 3973 383 4037 Iam
404 3994 480 4037 vero
496 3979 613 4057 quanta
636 3970 799 4054 qualisque
816 3969 913 4032 luerit
929 3968 1088 4032 Plutarchi
1106 3968 1259 4031 sermonis
1275 3965 1380 4029 Latini

209 4081 339 4144 scientia
370 4081 538 4166 quaeritur,
597 4077 701 4155 Quam
733 4075 771 4140 ad
801 4098 865 4139 rem
897 4074 1131 4140 diiudicandum
1160 4073 1301 4137 nonnihil
1333 4095 1381 4136 me
