3086 4732
705 327 744 391 31

131 547 190 612 spe
213 533 245 589 et
267 521 431 610 promissis
455 522 571 587 multos
595 523 737 587 tenuisse
759 523 829 609 ipse
853 522 965 587 Cicero
989 521 1068 586 dicit
1091 521 1219 605 (ibidem
1236 521 1311 591 VH

135 637 175 697 13
198 655 217 696 a
241 635 270 714 1)
294 630 382 695 etin
406 629 559 715 Pompeio
584 630 644 694 sibi
668 632 771 695 minus
796 629 945 716 praesidii
969 651 1038 694 esse
1063 631 1160 694 sentit
1182 628 1311 713 (ibidem

131 737 224 806 VIII
248 743 281 817 3,
306 741 334 801 5.
357 736 412 801 XI
436 739 470 817 6,
500 740 539 821 3).
585 737 678 802 Unus
710 744 815 801 tamen
845 739 878 801 in
909 736 1015 803 verbis
1039 736 1201 802 Plutarchi
1231 759 1310 822 quae

131 868 227 932 supra
249 846 403 930 exscripsi
427 844 514 909 locus
539 852 588 908 est
610 842 820 910 ubi‘verbum
844 843 884 908 de
901 844 1000 909 verbo
1024 865 1124 930 paene
1148 843 1311 908 eCioero-

130 954 234 1017 nianis
258 953 422 1038 expressit.
467 950 552 1014 Nam
574 973 654 1036 quae
677 949 757 1016 dicit
779 945 856 1019 ὥστ’
881 949 963 1035 ἔχειν
990 952 1048 1037 μέν
1076 944 1113 1019 ὃν
1136 948 1235 1041 φύγῃ,
1264 951 1310 1042 μὴ

134 1057 219 1143 ἔχειν
242 1061 277 1126 δὲ
300 1057 384 1142 πρὸς
406 1051 442 1126 ὃν
464 1055 558 1148 φύγῃ,
583 1059 623 1122 iis
646 1056 732 1145 apud
756 1057 944 1123 Ciceronem
968 1056 1097 1141 (ibidem
1117 1057 1210 1126 VIII
1235 1061 1263 1138 7,
1280 1061 1310 1141 2)

134 1166 228 1252 plane
250 1164 458 1250 respondent:
485 1161 559 1249 ‘ego
583 1187 660 1230 vero
685 1188 778 1251 quem
802 1165 923 1251 fugiam
946 1164 1058 1246 habeo,
1081 1188 1173 1251 quem
1198 1187 1312 1250 sequar

135 1295 198 1336 non
228 1266 350 1336 habeo?
402 1270 495 1337 Unde
528 1274 625 1357 igitur
654 1280 756 1337 totum
789 1271 868 1336 illud
900 1271 1063 1338 Ciceronis
1096 1274 1310 1337 testimouium

133 1378 337 1443 Plutarchum
361 1381 533 1465 sumpsisse
557 1377 721 1444 credamus
752 1381 814 1444 nisi
844 1402 884 1444 ex
914 1382 1015 1466 ipsius
1046 1381 1113 1444 eius
1144 1378 1311 1466 epistulis?

131 1485 227 1551 Certe
257 1508 336 1569 quas
367 1484 408 1550 ad
432 1488 574 1551 Atticum
605 1487 659 1551 ille
689 1489 819 1573 scripsit
847 1509 919 1551 eum
946 1489 1123 1573 inspexisse
1154 1488 1209 1553 vix
1235 1487 1312 1551 licet

130 1594 268 1658 infitiari.

240 1699 304 1764 Sed
334 1699 458 1766 duobus
488 1700 566 1765 locis
597 1702 693 1765 etiam
723 1724 762 1766 ex
793 1701 938 1787 epistulis
968 1700 1009 1766 ad
1036 1701 1207 1766 familiares
1235 1701 1312 1765 Plu·

134 1806 259 1870 tarchus
286 1808 467 1872 testimonia
494 1809 640 1894 sumpsit.
690 1807 741 1871 Ac
769 1810 904 1894 primum
932 1807 1060 1893 quidem
1083 1811 1116 1871 in
1138 1808 1237 1873 libelli
1259 1803 1311 1872 ‘an

136 1915 204 1978 seni
228 1913 270 1978 sit
290 1912 427 1999 gerenda
453 1937 504 1979 res
533 1909 670 2001 publioa'
694 1937 721 1980 o.
739 1917 779 1978 27
805 1914 942 2000 profert:
983 1914 1130 2004 Κικέρων
1157 1909 1191 1982 δ’
1215 1909 1312 1994 αὐτὸς

137 2014 285 2107 ὁμολογεῖ
313 2019 355 2088 τὰ
387 2017 543 2090 κοίλλιστα
576 2023 633 2089 καὶ
669 2022 805 2111 μέγιστα
838 2027 902 2089 τῶν
940 2018 1232 2108 συμβουλευμάτων
1263 2015 1313 2100 οἷς

134 2118 289 2216 ὤρθωσεν
317 2124 491 2196 ὑπατεύων
521 2126 577 2220 τὴν
607 2128 754 2218 πατρίδα
781 2127 864 2215 μετὰ
893 2129 1051 2197 Ποπλίου
1078 2126 1230 2216 Νιγιδίου
1252 2133 1312 2197 τοῦ

132 2233 315 2325 φιλοσόφου
349 2242 524 2305 συνθεῖναι.
579 2236 654 2314 Qua
686 2235 726 2301 de
759 2259 793 2302 re
817 2236 930 2302 Cicero
953 2235 1008 2305 IV
1040 2217 1134 2317 13',2
1163 2235 1242 2301 haec
1270 2235 1311 2300 ad

131 2341 238 2427 ipsum
267 2340 432 2427 Nigidium
463 2344 605 2430 scripsit:
635 2340 742 2409 ‘careo
774 2345 859 2409 enim
882 2393 984 2410 .....
1015 2344 1161 2409 omnibus
1193 2343 1311 2425 amicis,

131 2472 266 2534 quorum
282 2449 535 2515 benevolentiam
551 2450 642 2516 nobis
659 2451 841 2516 conciliarat
856 2475 913 2538 per
927 2474 977 2516 me
994 2451 1153 2537 quondam
1176 2459 1208 2516 te
1224 2453 1310 2517 socio

134 2554 264 2620 defensa
293 2579 344 2621 res
374 2551 518 2642 publica’
565 2558 644 2627 Vox
664 2552 847 2644 ‘quondam'
872 2581 944 2624 cum
974 2558 1014 2625 ad
1043 2558 1206 2624 Ciceronis
1237 2581 1311 2623 con-

137 2662 270 2726 sulatum
301 2665 344 2728 sit
373 2664 547 2744 referenda,
578 2663 618 2729 de
649 2664 759 2729 eadem
788 2688 822 2730 re
853 2664 937 2751 apud
965 2673 1130 2750 utrumque
1161 2673 1255 2750 atque
1278 2666 1311 2728 in

137 2770 266 2835 eandem
298 2770 366 2836 iere
399 2772 587 2836 sententiam
620 2794 723 2837 sermo
757 2779 813 2836 est.
868 2771 951 2835 Nam
983 2773 1147 2835 minimum
1179 2772 1312 2835 interest

135 2885 239 2941 utrum
255 2877 403 2964 Nigidius
421 2877 568 2944 Ciceroni
592 2880 624 2943 in
649 2878 851 2944 defendenda
866 2881 934 2944 sive
958 2876 1113 2944 servanda
1136 2877 1311 2964 republica

139 2984 241 3048 socius
264 3009 302 3050 an
326 2986 528 3051 consiliorum
554 2987 657 3052 socius
681 2987 782 3052 fuisse
806 2986 937 3051 dicatur.

246 3090 348 3158 Etiam
377 3093 556 3158 distinctius
586 3093 748 3158 Ciceronis
777 3093 876 3158 verba
898 3091 1086 3157 Plutarchus
1116 3091 1257 3156 reddidit
1278 3092 1311 3156 in

137 3198 205 3261 eius
229 3199 312 3264 vitae
335 3222 362 3266 o.
380 3203 431 3281 36,
454 3200 508 3265 ubi
525 3200 636 3266 Cicero
656 3200 796 3265 Caecilio
820 3199 913 3264 aedili
937 3201 1060 3285 roganti
1084 3208 1119 3262 ut
1140 3199 1311 3286 pantheras

136 3303 176 3367 ad
199 3303 291 3371 ludos
307 3307 468 3372 Romanos
485 3309 624 3373 mitteret
638 3307 773 3394 gloriose
789 3307 976 3394 respondet:
1002 3301 1036 3390 (ὁ
1051 3308 1214 3397 Κικέρων)
1231 3311 1311 3376 καλ-

136 3411 361 3499 λωπιζόμενος
383 3415 443 3482 ἐπὶ
466 3423 535 3496 τοῖς
562 3417 806 3505 πεπραγμένοις
828 3413 943 3506 γροίφει
966 3412 1052 3506 πρὸς
1075 3410 1172 3482 αὐτὸν
1194 3414 1311 3498 (Κεκί-

136 3521 219 3594 λιον)
255 3516 316 3590 οὐκ
349 3517 434 3591 εἶναι
466 3521 649 3612 παρδάλεις
683 3524 716 3590 έν
750 3521 900 3612 Κιλικίᾳ·
938 3520 1137 3611 πεφευγέναι
1172 3520 1232 3608 γὰρ
1267 3519 1312 3601 εἰς

136 3626 264 3715 Καρίαν
297 3621 539 3716 ἀγανακτούσας
566 3625 615 3697 ὅτι
643 3627 741 3715 μόναι
774 3632 992 3714 πολεμοῦνται
1022 3621 1155 3693 πάντων
1187 3624 1312 3719 εἰρήνην

135 3731 277 3816 ἑχόντων.
323 3735 398 3813 Qua
427 3736 466 3800 de
489 3758 523 3800 re
547 3735 624 3801 haec
647 3735 761 3800 Cicero
781 3735 819 3798 H
844 3739 894 3814 11,
916 3737 952 3798 2:
982 3730 1037 3796 ‘de
1066 3732 1228 3819 pantheris
1255 3756 1313 3820 per

135 3862 191 3904 eos
215 3843 268 3926 qui
294 3845 400 3906 venari
425 3844 528 3907 soleut
551 3843 653 3928 agitur
676 3840 826 3906 mandatu
851 3863 921 3905 meo
945 3840 1126 3925 diligenter;
1154 3840 1210 3905 sed
1234 3841 1313 3905 mira

135 3949 278 4032 paucitas
302 3959 361 4029 est,
384 3958 417 4013 et
439 3973 492 4015 eas
516 3973 596 4036 quae
613 3957 687 4014 sunt
702 3948 795 4014 valde
820 3948 907 4012 aiunt
926 3949 1014 4032 queri
1038 3946 1124 4033 quod
1147 3947 1224 4012 nihil
1247 3950 1312 4012 oui-

135 4076 231 4139 quam
255 4056 438 4121 insidiarum
463 4058 493 4121 in
526 4080 595 4121 mea
617 4058 780 4143 provincia
803 4055 864 4120 nisi
888 4055 949 4120 sibi
971 4055 1033 4119 liat.
1066 4055 1172 4140 itaque
1195 4056 1313 4120 consti·

135 4162 236 4227 tuisse
261 4163 410 4228 dicuntur
439 4166 470 4228 in
495 4164 621 4229 Cariam
651 4188 690 4227 ex
714 4173 822 4228 nostra
845 4164 1007 4250 provincia
1030 4155 1202 4226 decedere?
1249 4161 1311 4224 His
