3086 4732
681 329 778 396 .65

651 427 861 437 ——-——=

166 529 260 594 Bruti
283 528 361 593 locis
384 528 572 592 Plutarchus
596 528 753 614 appellat,
776 551 909 614 quorum
936 528 1041 614 priore
1069 529 1100 592 in
1132 551 1157 592 o.
1181 531 1233 608 48,
1257 534 1345 613 post-

167 659 260 723 quam
285 636 420 699 Brutum
450 657 507 721 per
536 657 680 699 somnum
709 637 845 721 speciem
874 643 1059 700 nocturnam
1089 636 1199 700 iterum
1224 634 1344 700 vidisse

168 745 316 822 narravit,
339 742 417 807 baec
440 742 575 828 profert:
600 739 756 823 Πόπλιος
776 743 814 809 δέ
831 740 1037 828 Βολούμνιος,
1062 739 1141 832 ἀνὴρ
1165 740 1346 833 φιλόσοφος

167 852 226 919 καὶ
257 850 561 940 συνεστρατευμένος
589 842 649 916 ἀπ’
680 842 778 940 ἀρχῆς
809 845 954 937 Βρούτῳ,
984 852 1077 918 τοῦτο
1105 851 1163 936 μέν
1194 843 1230 916 ori
1259 850 1344 938 λέγει

168 957 204 1025 τὸ
235 964 383 1051 σημεῖον,
412 954 527 1021 deinde
558 955 621 1020 duo
651 957 712 1020 alia
742 955 885 1042 prodigia
915 956 1124 1023 Volumnium
1155 979 1345 1020 memorasse

170 1065 287 1129 scribit.
465 1063 466 1066 ’

277 1171 369 1235 Alter
391 1171 478 1234 locus
495 1179 545 1234 est
560 1172 591 1233 in
608 1193 634 1234 ο.
648 1173 705 1234 51:
731 1173 903 1261 (Βροῦτος)
927 1175 1043 1259 πρῶτα
1065 1172 1124 1256 μέν
1147 1167 1347 1259 ἀποβλέψας

171 1275 295 1358 εἶς’τὸν
320 1271 455 1365 ούρανὸν
479 1273 623 1367 ἀστέρων
647 1272 725 1345 ύντα
748 1276 866 1364 μεστὸν
890 1271 1110 1368 ἀνεφθέγξατο
1134 1278 1191 1346 δύο
1210 1276 1345 1362 στίχους,

171 1375 215 1453 ὧν
238 1383 293 1454 τὸν
314 1384 420 1474 ἕτερον
444 1382 645 1472 Βολούμνιος
669 1378 831 1475 ἀνέγραψε
845 1439 935 1453 .....
943 1439 950 1469 ,
974 1391 1033 1454 τοῦ
1056 1386 1092 1452 δέ
1117 1385 1225 1475 ἑτέρου
1249 1386 1347 1479 φησίν

173 1490 411 1560 ἐπιλαθέσθαι,
457 1491 568 1578 Ipsum
595 1499 701 1556 autem
723 1492 889 1558 Volumnii
921 1492 1033 1557 librum
1062 1492 1265 1556 Plutarchum
1295 1514 1347 1556 co-

171 1599 321 1684 gnovisse
355 1607 446 1685 putat
472 1599 700 1664 Wichmannus
714 1603 733 1663 ¹.
789 1599 883 1664 Certe
917 1601 1107 1664 contrarium
1139 1599 1347 1664 demonstrari

174 1707 292 1792 nequit.

280 1813 317 1877 L.
342 1813 505 1900 Calpurnii
529 1813 646 1894 Bibuli,
669 1813 762 1878 Bruti
785 1814 931 1900 privigni,
954 1814 1067 1879 librum
1092 1814 1249 1899 quendam
1272 1814 1349 1877 Plu-

173 1921 299 1986 tarchus
318 1929 543 1986 commemorat
558 1923 590 1985 in
606 1922 692 1986 vitae
707 1921 798 1984 Bruti
815 1943 840 1985 ο.
854 1925 912 1986 13:
937 1920 993 1989 καί
1008 1949 1039 1989 τι
1056 1921 1218 2008 βιβλίδιον
1234 1922 1350 2016 μικρὸν

175 2025 517 2121 ἀπομνημονεομοίτιον
551 2027 693 2118 Βρούτου
725 2029 938 2118 γεγραμμένον
966 2024 1026 2096 ’ὑπ’
1060 2025 1157 2097 αἰτοῦ
1190 2028 1349 2116 (Βύβλου)

176 2134 386 2220 circumdetur,-
412 2143 575 2222 praeterea
599 2157 738 2221 eaquae
762 2138 794 2199 in
823 2159 848 2200 ο.
873 2140 914 2201 23
939 2135 979 2201 de
1003 2137 1116 2200 Porcia
1140 2138 1287 2223 exposuit
1310 2136 1349 2201 ab

176 2243 287 2308 eodem
310 2243 436 2324 Bibulo,
460 2244 594 2309 Porciae
615 2243 690 2320 filio,
713 2243 812 2330 petita
831 2266 901 2308 esse
918 2243 1003 2308 dicit.
1042 2244 1147 2308 Etiam
1164 2245 1254 2330 plura
1270 2267 1350 2330 quae

175 2351 282 2415 Bibuli
299 2353 409 2415 sintin
426 2351 535 2415 eadem
551 2352 618 2416 vita
633 2352 842 2437 investigasse
853 2351 1100 2416 Wichmannus²
1116 2352 1176 2417 sibi
1188 2352 1276 2416 visus
1293 2359 1350 2416 est.

283 2458 374 2536 Quos
409 2458 590 2523 Fenestella
624 2460 802 2545 composuit
836 2460 980 2538 annales,
1019 2481 1126 2523 eorum
1165 2459 1351 2524 auctoritate

178 2565 366 2630 Plutarchus
404 2563 578 2629 identidem
612 2567 731 2629 nititur.
790 2565 882 2628 Haeo
918 2567 1002 2628 enim
1039 2567 1166 2650 scripsit
1199 2567 1231 2629 in
1267 2567 1352 2631 vitae

181 2671 287 2738 Sullae
309 2695 335 2738 c.
360 2677 419 2737 28:
448 2671 528 2740 ένιου
552 2672 589 2738 θέ-
612 2696 720 2763 ηιασιν,
744 2661 789 2738 ὧν
813 2672 869 2739 καί
897 2673 1134 2752 Φαινεστέλλας
1157 2671 1254 2754 ἐστίν,
1280 2668 1353 2740 otus

179 2777 363 2848 αἰσθέσθαι
387 2785 443 2870 τῆς
456 2777 559 2872 μάχης
573 2777 629 2848 τὸν
644 2779 784 2868 Μάριον,
809 2773 879 2846 ἀλλ’
904 2779 941 2862 ἐξ
955 2774 1144 2866 ἀγρυπνιῶν
1163 2780 1218 2845 καί
1238 2777 1353 2846 κόπτον

177 2880 244 2954 tat
277 2889 354 2976 σκιᾷ
386 2915 448 2954 τινι
480 2888 583 2972 χαμαί
615 2888 848 2955 κατακλινέντα
880 2893 935 2955 τοῦ
964 2884 1170 2976 συνθήματος
1199 2887 1354 2966 δοθέντος

180 2994 327 3060 ἐνδοῦναι
351 2992 437 3082 πρὸς
460 2990 579 3076 ύπνον,
607 2989 676 3062 εἶτα
698 2991 793 3078 μόλις
816 2992 1039 3083 ἐξεγείρεσθαι
1061 2998 1119 3082 τῆς
1142 2995 1244 3082 φυγῆς
1266 3019 1353 3080 γενο-

178 3099 286 3191 μένης.
331 3097 479 3162 Eundem
508 3108 667 3185 tamquam
697 3107 810 3164 testem
841 3107 1036 3186 praesentem
1065 3099 1185 3163 inducit
1213 3100 1244 3162 in
1270 3101 1354 3165 vitae

179 3207 285 3273 Crassi
310 3230 336 3273 ο.
362 3210 395 3288 5,
424 3207 480 3273 ubi
503 3206 652 3288 Crassus
681 3215 717 3272 ut
740 3207 861 3272 Cinnae
889 3215 922 3272 et
944 3207 1039 3270 Marii
1068 3205 1222 3292 effugeret
1244 3206 1354 3272 crude-

98 3371 101 3377 .
179 3316 315 3396 litatem,
346 3316 378 3379 in
405 3315 594 3403 Hispaniam
625 3339 661 3380 se
690 3314 860 3380 contulisse
889 3321 1031 3379 narratur
1058 3322 1090 3379 et
1118 3315 1148 3379 in
1173 3315 1355 3401 speluncam

180 3421 338 3504 quandam
362 3444 395 3484 se
419 3422 594 3502 abdidisse,
622 3446 684 3509 quo
707 3423 842 3490 Vibium
870 3421 948 3486 duas
977 3422 1101 3487 misisse
1124 3423 1251 3486 ancillas
1275 3445 1354 3507 quae

181 3528 210 3589 ei
234 3527 390 3592 servirent
397 3551 406 3607 3
429 3535 496 3591 tum
513 3531 558 3592 sic
579 3531 699 3614 pergit:
722 3530 844 3598 τούτων
868 3530 948 3623 φησί
972 3529 1029 3620 τὴν
1053 3528 1166 3619 ἑτέραν
1190 3523 1250 3623 ἤδη
1273 3555 1356 3618 πρε-

180 3637 294 3721 σβῦτιν
318 3623 418 3702 οὖσαν
442 3631 459 3703 ὁ
480 3637 717 3716 Φαινεστέλλας
740 3635 822 3704 ἰδεῖν
846 3632 944 3717 αύτός
966 3638 1022 3704 καί
1038 3634 1202 3717 πολλάκις
1220 3631 1356 3704 ἀκούσαι

181 3741 380 3835 μεμνημένης
408 3749 508 3810 ταῦτα
538 3743 596 3811 καί
625 3741 802 3837 διεξιούσης
831 3743 1021 3833 προθύμως.
1077 3742 1168 3806 Idem
1198 3743 1234 3807 fit
1262 3746 1356 3808 tertio

181 3846 253 3912 loco
275 3849 306 3912 in
330 3848 463 3926 Quaest.
486 3850 579 3914 Rom.
602 3874 629 3915 c.
652 3854 712 3915 41:
747 3851 921 3942 ἐχρήσαντο
949 3850 1125 3936 νομίσματι
1152 3857 1230 3938 βοῦν
1253 3850 1357 3934 ἔχοντι

182 3957 239 4023 καί
263 3953 431 4045 πρόβατον
453 3959 509 4025 καί
539 3947 575 4024 ύν
605 3954 800 4051 παράσημον
828 3952 1038 4050 εύποροῦντες
1066 3954 1136 4027 ἀπὸ
1164 3962 1227 4026 τῶν
1251 3967 1356 4047 θρεμ-

289 4119 299 4148 ¹
318 4117 350 4171 L.
370 4117 387 4172 l.
407 4135 433 4188 p.
453 4119 487 4170 42
506 4135 563 4188 sqq.

289 4207 300 4237 ²
317 4207 349 4260 L.
369 4207 386 4262 1.
406 4226 432 4278 p.
453 4209 494 4262 33.
