3086 4732
683 271 896 368 --19st

202 463 295 526 affert
324 464 355 526 iu
387 463 470 528 vitae
501 463 631 528 Catonis
655 486 680 527 c.
700 468 736 528 4:
777 461 860 546 ὅλως
889 467 924 532 δὲ
953 467 1054 557 μηδὲν
1085 457 1179 553 (silero
1204 461 1221 532 ri
1245 464 1375 540 Κάνατα)

203 565 319 638 etiamr
343 566 424 638 circu
454 574 511 637 τῶν
535 577 702 658 περιττῶν,
726 567 795 638 ἀλλ’
815 561 851 638 οὗ
875 565 1112 655 sancrificium,
1133 566 1194 639 κᾶν
1218 566 1374 661 ἇσσαρτόο

203 675 441 771 πιπράσκηται,
466 680 593 745 πολλοῦ
616 678 764 764 νομίζειν.
804 677 895 742 Idem
917 678 1012 743 habet
1028 677 1148 743 Seneca
1166 682 1197 742 in
1222 680 1374 766 epistulae

205 789 259 862 94,
284 787 342 848 27:
375 781 467 849 ‘....
491 784 543 848 illu
572 784 763 849 Catoniana:
802 808 887 850 enias
916 808 977 849 non
1007 786 1091 871 quod
1119 809 1199 872 opus
1228 797 1289 866 est,
1320 787 1375 852 scd

202 890 287 975 quod
304 913 432 954 necesse
456 899 505 956 est
513 917 521 971 3
551 890 636 976 quod
660 914 723 954 nou
746 914 826 977 opus
850 901 899 956 est-
922 915 991 956 asso
1016 915 1120 956 carum
1144 890 1209 957 est?
1259 894 1377 960 Omisit

202 1000 297 1082 igitur
325 997 513 1062 Plutarchus
536 997 614 1062 haec
639 997 792 1064 Catonem
820 1000 884 1062 filio
912 1001 1124 1085 praecepisse,
1154 1001 1257 1086 ipsum
1287 1025 1375 1088 prae-

202 1113 329 1190 ceptum
352 1113 494 1169 scemate
519 1107 742 1192 interpretatus
767 1116 824 1170 est..

309 1211 486 1298 Epistulam
510 1213 668 1298 quandam
685 1213 816 1278 Catonis
840 1214 879 1280 ad
901 1214 998 1278 filium
1023 1215 1170 1301 scriptam
1189 1214 1375 1279 Plutarchus

202 1328 425 1384 commemorat
448 1322 478 1383 in
503 1321 634 1397 Quaerat.
659 1321 749 1385 Rom.
774 1344 799 1384 c.
818 1324 873 1386 39:
908 1318 963 1388 διὰ
986 1320 1019 1387 τί
1046 1328 1113 1402 τοῖς
1136 1322 1180 1412 μὴ
1205 1347 1374 1408 στρατευο-

201 1427 313 1511 μένοις
334 1429 394 1513 μὲν
423 1428 457 1492 ἐν
486 1429 697 1516 στρατοπέδῳ
721 1421 755 1494 ‹l'
781 1419 886 1509 α’λλως
909 1424 1200 1518 ἂναστρεηομτ-’νότς
1224 1425 1281 1496 οἰκ
1305 1431 1376 1521 ἐξῆν

203 1528 302 1623 ἄνδρα
326 1537 436 1620 βαλεῖν
460 1536 619 1619 πολέμιον
643 1527 717 1602 οὐδὲ
750 1538 884 1620 coricum
916 1535 969 1602 uui
1001 1541 1092 1603 τοῦτο
1117 1536 1231 1602 Κάτων
1256 1531 1273 1604 ὃ
1297 1563 1376 1625 πρε-

203 1639 318 1732 σβύτης
346 1643 378 1708 ἓν
402 1643 558 1731 ἐπιστολῇ
581 1668 640 1708 ττντ
667 1641 845 1732 δεδήλωκε,
874 1640 1007 1732 γράφων
1032 1642 1116 1731 πρὸς
1146 1640 1198 1710 τὸν
1227 1643 1296 1711 υἱὸν
1321 1646 1374 1710 καλ

203 1748 353 1832 κελεύων,
379 1748 406 1816 εἰ
436 1749 597 1840 παρεθείη
629 1755 683 1839 τῆς
706 1748 877 1836 στρατείας
905 1746 1155 1842 ἀποπληρώσας
1180 1747 1232 1816 τὸν
1255 1748 1374 1839 χρόνον,

204 1853 428 1946 ὺποσιρέηιειν·
462 1849 481 1945 i}
519 1857 740 1945 rcpomrc'rcrru
771 1859 881 1943 λαβεῖν
914 1857 1008 1939 παρὰ
1046 1862 1100 1922 τοῦ
1132 1861 1308 1950 στρατηγοῦ
1342 1855 1375 1925 ’τὸ

203 1963 317 2046 ἐξεῖναι
352 1969 469 2052 τρῶσαι
505 1964 559 2030 καὶ
594 1959 716 2030 ἀνελεῖν
748 1963 916 2049 πολέμιον.
971 1963 1021 2026 Dc
1055 1961 1163 2026 eadem
1193 1962 1304 2028 Cicero
1337 1964 1375 2028 de

202 2069 314 2134 officiis
345 2068 362 2132 I
395 2073 449 2149 11,
475 2074 529 2135 37:
575 2065 634 2134 ‘M.
658 2069 785 2155 quidem
817 2069 949 2134 Catonis
979 2070 1062 2134 senis
1096 2079 1145 2133 est
1175 2071 1309 2156 epistula
1337 2071 1375 2135 ad

202 2176 346 2240 Marcum
370 2177 481 2256 filium,
509 2179 540 2239 iu
570 2199 631 2261 qua
654 2176 764 2240 scribit
792 2199 825 2240 se
850 2176 976 2240 audisse
1006 2199 1077 2240 eum
1106 2177 1235 2240 missum
1258 2177 1376 2242 factum

203 2305 272 2347 esse
301 2306 318 2346 u
349 2283 490 2364 consule,
521 2305 591 2346 cum
622 2284 654 2346 in
682 2282 872 2348 Macedonia
902 2283 985 2348 bello
1010 2284 1138 2348 Persico
1166 2285 1255 2349 miles
1284 2294 1376 2350 esset.

202 2397 309 2454 monet
336 2392 431 2474 igitur
454 2399 489 2453 ut
512 2399 623 2456 caveat
645 2413 684 2455 ne
708 2391 861 2477 proelium
886 2393 979 2455 ineat.
1010 2401 1106 2476 negat
1129 2394 1210 2455 enim
1235 2393 1283 2456 ius
1307 2414 1376 2455 essc

202 2498 255 2583 qui
275 2497 363 2561 miles
381 2519 444 2561 nou
460 2498 501 2562 sit
517 2520 587 2562 cum
603 2498 693 2562 hoste
710 2493 867 2584 pugnare?
904 2498 956 2560 Ex
980 2498 1028 2562 his
1046 2499 1151 2590 verbis
1167 2499 1375 2585 comperimus

203 2603 356 2670 Catonem
380 2627 413 2670 re
431 2627 505 2670 vera
529 2605 581 2670 illa
605 2627 684 2691 quae
700 2604 889 2670 Plutarchus
912 2604 1004 2669 affert
1027 2615 1194 2692 prat-mepta
1217 2605 1257 2670 ad
1280 2607 1376 2669 filium

202 2713 375 2798 scripsisse,
399 2723 492 2798 atquc
516 2714 586 2798 ipsa
601 2722 768 2799 praecepta
793 2711 876 2798 apud
903 2721 1069 2798 utrumque
1094 2714 1276 2797 scriptorem
1301 2713 1377 2777 satis

202 2822 402 2885 conveniunt.
448 2819 528 2884 Cum
559 2842 634 2884 vero
659 2819 772 2884 Cicero
802 2842 865 2883 non
894 2821 993 2906 ipsius
1018 2818 1148 2882 Catonis
1177 2818 1272 2881 verba
1296 2818 1377 2896 edat,

202 2927 259 2992 scd
275 2949 354 3013 quac
375 2928 426 2992 hic
450 2926 490 2991 ud
507 2927 604 2991 lilium
621 2926 784 3013 scripserit
800 2926 928 2991 brevius
952 2925 1114 3011 significet,
1138 2947 1210 2988 num
1235 2934 1377 2990 accurate

172 3039 181 3052 “
202 3035 388 3100 Plutarchus
403 3035 533 3099 (lutosis
551 3034 737 3098 senteutiam
754 3034 912 3098 rettulerit
928 3043 1013 3098 certo
1030 3033 1175 3118 cognosci
1190 3055 1252 3096 uon
1265 3041 1378 3118 potest.

309 3142 414 3207 lltiam
446 3141 577 3208 (lutosis
613 3140 652 3206 dc
684 3163 717 3206 rc
749 3142 866 3205 rustica
895 3142 1023 3218 librum,
1055 3141 1108 3223 qui
1139 3161 1219 3202 unus
1250 3139 1289 3200 ad
1320 3160 1378 3201 nos

203 3251 359 3336 pervenit,
388 3249 574 3314 Plutarchus
603 3256 827 3312 commemorat
856 3250 888 3309 in
919 3248 1001 3309 vitae
1026 3244 1156 3308 Catonis
1181 3265 1205 3306 c.
1224 3247 1282 3306 25:
1323 3244 1376 3310 καί

203 3355 410 3426 ‹roura-'uuna'
440 3381 474 3446 ys·
497 3355 624 3444 βηλλλον
648 3352 829 3444 γεωργικόν,
862 3354 896 3418 ἐν
922 3339 947 3439 ᾧ
971 3351 1025 3418 καλ
1055 3350 1135 3437 περὶ
1166 3347 1379 3416 πλακούντων·

202 3463 372 3546 σκεναολαμ
406 3465 457 3532 κατ’
494 3461 650 3558 τηρήσεως
683 3455 819 3549 ὀπώρας
853 3460 1016 3548 γέγραφεν.
1073 3455 1227 3520 Catonem
1260 3457 1292 3520 in
1325 3457 1378 3522 illo

202 3571 281 3636 lihro
306 3595 359 3638 cua
384 3594 433 3638 rus
458 3579 608 3636 tractasse
639 3592 678 3633 ex
702 3568 769 3631 eius
798 3588 823 3629 c.
850 3567 889 3627 76
915 3573 947 3628 et
972 3568 1013 3629 99
1042 3573 1181 3651 apparet.
1228 3564 1291 3628 Sed
1315 3574 1377 3629 tam

202 3678 292 3744 ouilia
318 3687 366 3746 ost
387 3677 543 3744 l'luturchi
569 3677 621 3739 illa
645 3672 899 3738 commemoratio
924 3679 959 3734 ut
982 3694 1056 3735 num
1081 3673 1149 3757 ipse
1174 3695 1244 3736 eum
1268 3670 1379 3756 legerit

204 3783 367 3854 ‹lihuliuuri
395 3793 536 3872 uomrout.

309 3895 400 3974 Quum
432 3891 534 3958 adhuc
565 3890 697 3953 tractavi
726 3888 826 3965 locos,
859 3887 880 3949 ii
912 3909 1022 3951 omnes
1052 3887 1117 3950 scre
1149 3909 1219 3949 cnm
1248 3885 1379 3950 Catonis

203 3999 367 4067 aurursus
399 4001 441 4066 ita
472 3998 641 4062 concinunt
669 4006 703 4058 ut
728 4016 766 4057 cx
791 3993 888 4058 huius
909 3997 1033 4081 scriptis
1057 4003 1215 4077 tamquam
1239 3993 1379 4056 fontibus

202 4130 256 4173 cru
282 4105 407 4174 lluxissc
433 4114 539 4169 nostro
567 4106 633 4166 iure
658 4100 894 4166 contendamus.
940 4102 1049 4165 Minus
1074 4109 1192 4163 certum
1227 4108 1275 4164 ost
1304 4121 1378 4162 uum
