3086 4732
718 285 758 348 13

630 375 842 384 *η’-ο·-

148 485 370 560 destinaverit,
400 480 602 546 Plutarchum
635 480 688 542 illo
720 479 788 542 loco
819 479 977 563 epitomen
1007 476 1173 560 Originum
1206 473 1324 538 dixisse

149 593 303 679 opinatur,
330 589 454 676 quade
479 589 616 674 epitome
640 586 717 650 nihil
742 591 935 670 compertum
959 582 1118 646 habemus.

254 705 380 771 Deinde
396 705 530 790 Klappii
555 702 695 788 opinioni
712 710 891 786 temporum
914 699 994 762 ratio
1019 699 1133 775 obstat,
1157 721 1225 761 cum
1244 697 1324 761 Cato

147 816 279 879 alterum
315 814 483 897 Originum
518 811 631 875 librum
672 816 745 894 post
779 829 893 870 annum
932 808 994 869 168
1030 805 1223 890 scripserit¹,
1262 827 1324 889 quo

147 931 289 1006 tempore
312 920 441 984 Marcus
465 917 561 996 filius,
594 915 646 1000 qui
678 936 760 978 anno
791 913 858 977 fere
891 915 953 976 192
986 921 1077 975 uatus
1108 920 1170 989 est,
1202 912 1325 975 iuvenis

147 1036 214 1093 erat
230 1028 344 1112 viginti
360 1032 509 1111 quattuor
530 1045 690 1087 annorum.
725 1019 823 1098 Quod
840 1018 976 1104 denique
991 1018 1151 1106 Klappius
1168 1018 1326 1102 Origines,

148 1159 217 1199 enm
242 1133 297 1198 din
321 1135 382 1218 legi
407 1132 527 1196 desitas
552 1131 624 1207 sint,
656 1151 674 1192 a
698 1126 868 1190 Plutarcho
892 1128 946 1190 vix
970 1133 1135 1212 usurpatas
1159 1147 1229 1189 esse
1253 1147 1327 1188 con-

149 1241 260 1320 tendit,
284 1249 368 1304 certa
385 1239 520 1317 Gellius,
543 1237 596 1320 qui
621 1243 695 1321 post
718 1233 922 1297 Plutarchum
945 1233 1016 1311 fuit,
1040 1255 1093 1296 eas
1117 1230 1228 1296 sedulo
1250 1231 1327 1316 legit

151 1358 184 1413 et
207 1348 356 1412 nonnulla
386 1369 426 1410 ex
456 1345 495 1408 iis
519 1344 679 1428 excerpsit
688 1366 696 1420 3
727 1349 820 1426 atque
849 1341 917 1425 ipse
940 1339 1099 1426 Klappius
1123 1338 1326 1403 Plutarchum

149 1456 292 1521 notitiam
326 1453 483 1540 quandam
515 1450 683 1534 Originum
715 1447 863 1512 habuisse
891 1446 1008 1510 diserte
1037 1447 1210 1510 confitetur.
1265 1446 1328 1509 Po-

151 1571 267 1628 stremo
291 1564 404 1625 mirum
428 1557 573 1646 profecto
597 1565 691 1632 esset,
722 1555 747 1618 si
772 1553 968 1631 Plutarchus,
992 1577 1062 1617 cum
1085 1552 1245 1639 complura
1268 1551 1328 1616 alia

152 1669 284 1733 Catonis
309 1669 426 1752 scripta
449 1667 518 1751 ipsa
541 1666 698 1737 novisset,
729 1661 760 1725 id
785 1660 869 1747 quod
893 1661 1052 1747 Klappius
1083 1663 1152 1746 ipse
1175 1659 1328 1739 coneedit,

155 1775 193 1838 ab
217 1775 385 1858 Originum
416 1773 594 1856 cognitione
624 1779 656 1834 et
687 1792 746 1834 usu
777 1768 989 1832 abstinuisset.
1035 1768 1137 1831 Multa
1163 1768 1258 1852 igitur
1282 1768 1329 1831 in-

157 1879 238 1943 dicia
260 1878 463 1942 Plutarchum
487 1877 680 1961 Originibus,
705 1899 835 1962 quarum
859 1876 928 1961 ipse
952 1875 1141 1938 mentionem
1165 1874 1244 1938 facit
1266 1874 1286 1938 l.
1309 1875 1328 1938 l.

158 1986 242 2050 etin
266 2009 291 2048 c.
316 1989 357 2048 25
381 1985 486 2049 verbis
517 1984 719 2052 σινετοέονετο
741 1985 800 2068 μὲν
824 1971 877 2050 οὖν
900 1982 1013 2069 λόγους
1035 2008 1070 2050 τε
1093 1981 1329 2062 παντοδαποὺς

159 2093 211 2158 καὶ
236 2091 391 2178 inceptor,
425 2113 515 2155 usum
546 2114 615 2156 esse
646 2090 796 2155 indicant.
843 2089 907 2154 Sed
937 2111 1007 2152 cum
1039 2111 1118 2175 quae
1149 2089 1250 2153 exiis
1274 2087 1329 2152 de-

154 2198 308 2283 prompsit
332 2198 363 2261 in
387 2221 493 2262 earum
516 2199 656 2283 reliquiis
680 2197 766 2261 nullo
789 2198 860 2261 loeo
880 2206 1005 2262 servata
1028 2199 1100 2276 sint,
1123 2219 1197 2259 num
1221 2218 1328 2261 veram

157 2306 344 2369 sententiam
368 2305 484 2390 ubique
508 2307 705 2391 perspexerit
728 2327 790 2368 non
815 2313 910 2390 patet.

260 2420 365 2484 Aliter
386 2443 436 2485 res
461 2421 614 2485 sehabet
644 2423 676 2483 in
700 2421 831 2486 Catonis
856 2421 1063 2499 orationibus,
1093 2443 1173 2506 quae
1203 2428 1329 2484 centurn

152 2527 380 2612 quinquaginta
402 2527 548 2590 feruntur
570 2528 680 2591 fuisse.
715 2527 785 2591 Has
810 2528 893 2590 enim
916 2550 991 2591 num
1007 2527 1195 2591 Plutarchus
1218 2527 1330 2613 legerit

152 2633 319 2697 diiudicari
350 2655 413 2695 non
445 2633 506 2695 iam
537 2641 657 2717 potest,
690 2655 761 2696 eum
792 2634 889 2696 exiles
919 2642 1042 2696 tantum
1071 2657 1175 2696 earum
1204 2642 1330 2699 exstent

152 2740 304 2824 reliquiae
329 2747 361 2802 et
384 2737 470 2802 dicta
486 2738 617 2803 Catonis
641 2762 721 2824 quae
741 2739 928 2803 Plutarchus
953 2739 1049 2804 tradit
1072 2739 1200 2803 dubium
1226 2742 1267 2803 sit
1290 2763 1328 2804 an

151 2871 193 2912 ex
218 2869 326 2911 eorum
350 2845 588 2910 collectionibus
612 2854 738 2932 sumpta
761 2847 833 2925 sint,
857 2869 937 2931 quae
960 2849 1021 2911 iam
1039 2847 1203 2911 Ciceronis
1227 2855 1329 2911 aetate

150 2955 311 3018 fueruntr.
357 2952 438 3016 Inde
469 2954 552 3016 enim
584 2976 617 3017 se
647 2956 800 3039 petivisse
831 2976 910 3038 quae
941 2954 1057 3018 ibidem
1088 2955 1120 3016 in
1150 2958 1220 3018 c.8
1250 2962 1282 3017 et
1310 2957 1329 3018 9

143 3059 261 3148 prodit
284 3059 316 3122 in
340 3067 480 3122 extremo
504 3082 529 3122 c.
556 3063 572 3122 7
598 3061 666 3144 ipse
689 3059 738 3123 bis
760 3059 866 3124 verbis
890 3061 1068 3145 profitetur:
1093 3055 1186 3150 ἡμεῖς
1209 3062 1244 3128 δὲ
1266 3065 1330 3128 τῶν

152 3166 512 3260 ἀπομνημονευομένων
545 3167 667 3253 βραχέα
700 3164 880 3254 γράψομεν,
916 3176 949 3231 et
978 3174 1145 3253 postquam
1175 3169 1228 3232 illa
1258 3192 1330 3256 pro-

152 3275 240 3350 tulit,
271 3276 316 3338 sic
339 3275 457 3359 pergit:
491 3272 526 3342 td
549 3275 607 3359 μὲν
631 3265 687 3341 οὖν
711 3266 1049 3367 ἄντομννμιονεομᾶτιον
1072 3277 1161 3364 γένος
1185 3276 1331 3346 τοιοῦτόν

155 3382 252 3446 ἐστιν.
299 3380 371 3443 Hac
401 3388 504 3458 autern
536 3380 736 3445 collectiones
767 3403 838 3444 cum
869 3382 936 3445 sine
966 3381 1063 3446 dubio
1086 3383 1200 3448 Latine
1223 3393 1330 3448 essent

157 3487 361 3568 compositae,
383 3487 422 3548 iis
447 3488 490 3550 nti
515 3510 578 3550 non
602 3488 767 3572 potuisset,
790 3487 850 3550 nisi
875 3487 1020 3552 idoneam
1043 3489 1206 3554 habuisset
1224 3490 1329 3553 Latini

156 3591 311 3656 sermonis
335 3591 507 3655 scientiam.

266 3705 414 3789 Sequitur
429 3716 465 3770 ut
480 3707 520 3771 de
537 3707 690 3772 Gracchis
706 3709 817 3790 dicam,
841 3734 972 3795 quorum
993 3712 1109 3796 scripta
1125 3735 1143 3776 a
1159 3712 1329 3778 Plutarcho

156 3835 252 3898 saepe
277 3824 566 3879 commemorantur.
603 3823 652 3880 Ae
669 3819 802 3902 primum
818 3817 944 3902 quidem
963 3817 999 3882 C.
1016 3817 1152 3883 Gracchi
1173 3822 1329 3884 orationes

266 4037 275 4064 ¹
295 4036 337 4090 Ol.
357 4035 465 4091 Jordan
484 4037 502 4090 l.
521 4037 538 4090 l.

266 4125 337 4180 ²Ot.
356 4125 462 4180 Jordan
483 4126 500 4180 l.
520 4126 536 4180 I.
557 4145 582 4196 p.
603 4127 686 4182 CVII
711 4135 738 4182 et
757 4129 856 4182 Annal.
877 4129 944 4199 phil.
964 4128 1097 4182 LXXIII
1116 4148 1143 4198 p.
1163 4133 1222 4184 384.
