3086 4732
704 293 743 353 51

459 480 477 511 t,
517 480 560 508 Ι,
640 480 658 506 2!

130 482 303 574 μετεώρων
325 477 427 562 ,άντων
449 513 606 555 απαντιυν
630 494 736 578 ωφθη·
753 484 926 576 (Γράγχος)
948 483 1048 554 Γάϊον
1072 486 1211 556 Φάννιον
1234 515 1313 555 κατ-

133 592 225 681 άχιυν
239 592 287 673 εἷς
301 592 336 660 τδ
353 592 470 662 πεδίον
494 594 550 661 καί
566 593 871 680 συναρχαιρεσιάζων
894 593 1004 682 ἐκείνῳ
1022 593 1103 680 μετά
1118 597 1183 661 τῶν
1198 592 1311 685 φίλων,

131 700 192 766 ubi
216 699 350 765 eundem
368 699 494 766 videtur
516 709 675 766 auctorem
699 700 856 765 habuisse.
902 701 982 764 Eius
998 700 1081 765 enim
1098 702 1228 766 annales'
1241 725 1313 765 cum

132 807 190 872 vel
220 815 350 893 propter
380 807 548 872 amicitiam
577 829 658 893 quae
689 807 718 872 ei
749 830 820 872 cum
851 807 1006 872 Gracchis
1038 816 1105 872 erat
1134 807 1175 872 ad
1205 831 1313 873 eorum

133 915 221 979 vitas
237 913 481 979 conscribendas
504 916 631 978 maximi
654 917 813 988 momenti¹
828 925 943 996 essent,
967 915 1136 1000 plurimum
1151 916 1314 980 Plutarchi

132 1022 289 1086 intererat
311 1041 366 1086 eos
396 1021 483 1107 ipsos
513 1021 682 1108 inspicere,
713 1036 770 1086 nec
799 1044 894 1086 causa
922 1024 1083 1089 invenitur
1110 1045 1166 1087 cur
1194 1022 1228 1087 id
1251 1046 1314 1088 non

133 1128 263 1202 ,fecisse
279 1127 433 1194 videatur.
1237 1144 1239 1148 '

221 1303 223 1310 ,
245 1235 315 1300 Iam
331 1239 478 1300 transeol
490 1234 531 1300 ad
543 1234 709 1302 Valerium
722 1235 894 1316 Antiatem,
917 1237 971 1321 qui
994 1235 1036 1300 de
1051 1237 1144 1301 rebus
1160 1237 1313 1302 Romanis

137 1342 179 1407 ab
203 1342 280 1416 urbe
303 1341 430 1411 condita
452 1364 558 1428 usquc
576 1341 616 1406 ad
632 1342 738 1407 Sullae
757 1351 894 1408 aetatem
908 1343 1007 1428 gestis
1023 1344 1201 1430 composuit
1216 1344 1313 1410 libros

137 1450 302 1514 minimum
326 1449 526 1535 septuaginta
548 1450 714 1536 quinquel,
741 1451 795 1536 qui
818 1449 913 1515 modo
937 1451 1075 1532 annales,
1097 1450 1192 1515 modo
1214 1450 1315 1516 histo-

140 1559 204 1621 riae
227 1555 455 1636 inscribuntur3
485 1556 543 1622 hos
573 1556 670 1621 libros
701 1557 889 1622 Plutarchus
920 1565 1042 1643 quater
1057 1558 1214 1643 allegavit.
1264 1560 1314 1622 Αο

143 1665 274 1748 primum
298 1662 425 1748 quidem
449 1665 481 1727 in
502 1663 575 1728 libri
597 1664 639 1729 de
662 1665 788 1744 fortuna
803 1665 1017 1741 Romanorum
1033 1688 1060 1730 ο.
1074 1669 1125 1746 10,
1147 1674 1314 1752 postquam

145 1755 244 1835 Servii
275 1793 314 1835 ex
345 1770 478 1835 Ocresia
508 1779 541 1835 et
563 1772 712 1839 Vulcano
742 1772 795 1836 vel
823 1772 918 1836 heroe
950 1772 1086 1857 quodam
1116 1774 1182 1837 nati
1210 1783 1315 1860 caput,

142 1899 212 1942 cum
235 1877 404 1942 admodum
428 1901 506 1964 puer
529 1887 622 1959 esset,
644 1878 797 1942 reluxisse
821 1881 969 1959 narravit,
992 1879 1069 1944 haec
1091 1879 1193 1944 addit:
1223 1880 1251 1947 ol
1278 1882 1314 1948 δὲ

139 1985 222 2075 περὶ
242 1981 372 2054 Ἀντίαν
396 1981 450 2070 ούχ
474 1983 559 2055 οῦτιυ
589 1986 747 2072 λέγουσιν,
778 1981 862 2053 άλλὰ
891 1993 995 2070 τυχεῖν
1025 1989 1083 2072 μὲν
1105 1993 1152 2076 uqi
1175 1987 1315 2076 Σερουίῳ

139 2091 198 2184 τὴν
216 2100 350 2180 γυναῖκα
367 2092 522 2180 Γεγανίαν
537 2091 750 2184 θνῄσκουσαν,
774 2088 870 2161 αῦτόν
887 2094 923 2160 δὲ
939 2095 995 2183 τῆς
1008 2093 1129 2186 μητρὸς
1147 2093 1316 2185 παρούσης

140 2198 188 2280 εἷς
211 2195 315 2268 ῦπνον
342 2201 378 2268 ἐκ
401 2200 586 2287 δυσθυμίας
614 2201 672 2268 καὶ
700 2198 809 2291 λάπης
838 2194 1073 2290 ἀποκλιθῆναι·
1104 2201 1159 2268 καί
1189 2199 1315 2268 καθεύ-

140 2310 252 2388 δοντος
274 2303 373 2376 αὐτοῦ
395 2315 468 2404 ταῖς
490 2310 630 2396 γυναιξίν
658 2301 804 2399 ὀφθῆναι
832 2306 869 2376 τὸ
897 2305 1082 2397 πρόσιυπον
1110 2304 1210 2378 αύτοῦ
1233 2309 1316 2398 πυρί

139 2412 441 2503 περιλαμπόμενον.
498 2414 550 2480 De
580 2415 692 2480 ecdem
722 2414 867 2501 prodigio
896 2415 1071 2500 Dionysius
1101 2415 1156 2484 IV
1188 2419 1206 2480 2
1239 2416 1316 2480 haec

140 2520 253 2588 habet:
277 2522 466 2614 καθημένου
489 2520 548 2612 γάρ
565 2518 645 2598 ,ποτ’
671 2516 770 2590 αίτοῦ
794 2521 978 2611 (Σερουίου)
1001 2520 1156 2613 μεσούσης
1178 2518 1315 2609 μάλισθ’

141 2622 324 2720 ἡμέρας-ἑν
354 2633 391 2720 τῇ
422 2629 569 2697 παστάδι
599 2631 663 2697 τῶν
695 2628 867 2716 βασιλείων
898 2629 956 2702 καί
985 2630 1231 2712 κατενεχθέντος
1263 2623 1315 2718 ἐηί

142 2732 257 2819 ῦπνυνῖ
270 2742 338 2824 πῦρ
354 2732 555 2826 ἀπέλαμψεν
579 2737 638 2804 ἐπὶ
656 2739 709 2827 τῆς
724 2738 869 2826 κεφαλῆς
884 2731 991 2820 αῦτοῦ,
1014 2730 1035 2826 ἥ
1050 2762 1085 2802 τε
1100 2736 1202 2827 μήτηρ
1219 2730 1317 2804 αῦιοῦ

144 2839 232 2934 καὶὴ
249 2849 304 2910 τοῦ
314 2844 477 2930 βασιλέως
491 2841 567 2934 χυνὴ
583 2842 798 2932 πορευόμεναι
815 2840 870 2910 διά
884 2845 942 2933 τῆς
956 2841 1127 2922 παστάδος
1142 2840 1318 2915 ἐθεάσαντο

147 2950 203 3026 καὶ1
224 2947 350 3032 πάντες
372 2947 444 3019 ὅσοι
468 2947 525 3019 σῦν
548 2957 618 3032 ταῖς
635 2952 777 3038 γυναιξίν
794 2950 964 3037 ἐτύγχανον
978 2949 1053 3018 τότε
1069 2948 1238 3039 παρόντες,
1262 2952 1318 3018 καί

148 3057 248 3148 μέχρι
264 3054 377 3126 τούτου
407 3058 550 3143 διέμενεν
580 3051 600 3148 ἡ
624 3056 709 3149 φλὸξ
721 3055 812 3148 ,ὅλην
842 3053 943 3125 αὐτοῦ
972 3054 1234 3143 καταλάμπουσα
1264 3055 1319 3147 τὴν

143 3162 298 3255 κεφαλήν,
327 3165 389 3246 {tog
416 3158 436 3255 ἡ
459 3164 562 3258 μήτηρ
585 3168 843 3262 προσδραμοῦσα
867 3163 1069 3257 διανέστησεν
1097 3159 1195 3233 αύτὸν
1213 3162 1319 3255 ’καὶὴ

146 3268 229 3361 φλὸξ
251 3269 320 3358 ἅμα
346 3275 394 3362 uqi
421 3266 514 3360 ῦπνηι
538 3275 818 3340 διασκεδασθεῖσα
841 3267 1021 3362 ἠφανίσθη.
1074 3272 1139 3348 Qui
1163 3272 1276 3336 cumI
1301 3275 1318 3335 7

147 3377 312 3446 Valerium
340 3380 504 3445 Antiatem
532 3380 614 3444 inter
640 3388 784 3444 auctores
813 3400 887 3444 suos
910 3386 1054 3443 numeret
1063 3383 1084 3458 ³,
1113 3377 1192 3443 hanc
1215 3401 1321 3443 narra-

145 3469 491 3562 tionem‘Plutarchmn
514 3509 548 3550 re
572 3509 648 3552 vera
669 3486 803 3553 Valerio
826 3485 941 3550 debere
965 3485 1099 3550 efficitur
1105 3509 1115 3566 3
1146 3508 1226 3570 qnae
1250 3507 1321 3548 sen-

142 3593 247 3690 tentia
276 3595 370 3658 etiam
398 3615 438 3668 ,eo
468 3594 609 3657 firmatur
635 3592 720 3678 quod
743 3593 919 3678 Dionysius
947 3592 1001 3656 illo
1024 3591 1095 3655 loco
1119 3590 1158 3655 ab
1182 3592 1320 3656 omnium

257 3791 265 3819 ¹
284 3771 328 3843 De
341 3789 450 3845 liberio
464 3788 592 3846 Graccho
610 3805 694 3859 supra
712 3793 775 3859 post
790 3787 821 3842 O.
831 3786 989 3842 Gracchum
1003 3785 1134 3854 diximus,
1152 3805 1187 3840 ne
1206 3787 1321 3842 atrutrc

148 3886 352 3957 separaretur„
446 3895 449 3899 ·
510 3932 515 3940 ,
619 3931 621 3938 ,
775 3909 777 3914 -
1061 3933 1063 3940 ,

202 3955 205 3960 ’
256 3967 328 4023 9(θ.
348 3953 463 4036 Gallina,
482 3967 563 4022 Noct.
584 3968 668 4022 Attic.
688 3967 732 4022 VI
751 3969 776 4034 9,
796 3968 838 4020 17.
902 3994 909 4028 ,-
982 4020 985 4031 ,
1028 4023 1030 4027 ,

259 4056 330 4112 ³Ct.
350 4058 499 4128 Kiessling‚
513 4057 548 4112 de
568 4058 694 4126 Dionysii
713 4057 838 4116 fontibus
857 4073 883 4126 p.
904 4057 938 4116 20
952 4071 1020 4125 sqq,
1043 4056 1090 4126 qui
1110 4071 1138 4108 re
1158 4073 1222 4110 trra
1242 4055 1322 4109 Vale-

149 4147 221 4200 rium
242 4147 337 4200 multis
357 4147 422 4202 locis
443 4148 577 4216 Dionysio
596 4151 735 4200 auctorem
755 4147 840 4200 fuisse
858 4145 1064 4204 demonstravit.

1126 4251 1163 4302 4*
