3086 4732
711 285 753 347 47

139 478 299 566 postridie
315 478 475 558 Quintiles
499 501 561 543 nou
584 479 706 544 litasset
724 479 881 565 Sulpicius
905 478 1049 544 tribunus
1068 481 1200 545 militum
1218 503 1319 567 neque

140 588 273 651 inventa
296 609 374 673 pace
398 586 493 651 deum
520 594 594 672 post
622 585 705 651 diem
734 587 860 650 tertium
885 587 1027 652 obiectus
1054 587 1138 652 hosti
1162 589 1318 653 exercitus

140 694 308 758 Romanus
332 702 429 774 esset,
460 694 553 759 etiam
585 693 737 781 postridie
761 692 839 758 Idus
862 693 956 758 rebus
979 693 1097 759 divinis
1121 694 1319 780 supersederi.

140 802 275 880 iussum,
298 800 371 865 inde
395 810 431 865 ut
454 799 605 887 postridie
629 800 702 864 Kal.
726 823 851 887 quoque
881 823 918 865 ac
948 823 1047 865 nouas
1076 801 1185 866 eadem
1210 802 1319 888 religio

141 917 244 986 esset,
273 907 423 972 traditum
454 904 583 994 putant?
638 908 666 977 A
698 907 811 993 quibus
836 907 941 972 verbis
964 907 1168 972 Plutarchum
1191 931 1320 994 magno-

141 1038 219 1102 pere
243 1015 421 1102 discrepare
449 1015 551 1100 primo
575 1015 687 1080 obtutu
711 1016 913 1102 perspicitur;
944 1014 1003 1078 lroc
1030 1023 1152 1079 tantum
1183 1038 1253 1079 cum
1281 1039 1319 1080 eo

142 1125 292 1207 congruit
309 1121 395 1208 quod
418 1145 435 1187 e
451 1121 503 1186 die
527 1121 581 1206 qui
604 1130 654 1186 est
669 1120 821 1207 postridie
837 1120 916 1186 Idus
940 1119 1009 1185 dies
1025 1144 1149 1206 quoque
1165 1122 1319 1208 postridie

142 1229 218 1293 Kal.
244 1237 276 1293 et
298 1230 407 1294 Nonas
431 1229 571 1294 nefastos
594 1228 720 1293 habitos
744 1251 814 1292 esse
838 1227 955 1292 scribit.
1008 1230 1158 1293 Attamen
1183 1251 1201 1292 a
1224 1229 1319 1293 Livio

143 1339 274 1400 omnino
298 1336 433 1401 discedit
456 1335 542 1422 quod
572 1334 655 1400 diem
678 1334 832 1422 postridie
855 1334 933 1400 Idus
957 1336 1118 1413 Quintiles
1142 1359 1211 1401 esse
1235 1335 1318 1401 diem

144 1444 309 1508 Aliensem
325 1443 473 1524 affirmat5
497 1466 569 1508 nam
593 1466 729 1529 pugnam
753 1442 793 1508 ad
809 1443 915 1507 Aliam
939 1465 1008 1508 esse
1031 1443 1148 1508 iactam
1164 1466 1190 1508 a.
1199 1442 1229 1509 d.
1239 1443 1319 1512 XV.

144 1551 218 1616 Kal.
243 1550 380 1615 Sextiles
401 1550 514 1615 Livius
538 1550 655 1615 diserte
678 1550 803 1615 indicat.
850 1551 955 1629 Quam
980 1550 1223 1637 discrepantiam
1246 1551 1319 1616 inde

149 1667 247 1722 ortam
278 1681 347 1722 esse
378 1658 469 1722 Leo1
499 1661 646 1743 opinatur
675 1656 760 1742 quod
790 1657 978 1722 Plutarchus
1009 1658 1093 1722 Livii
1125 1659 1222 1723 verba
1250 1682 1320 1744 per-

148 1789 254 1852 peram
286 1764 484 1830 intellexerit.
547 1763 610 1828 Sed
648 1765 706 1828 hac
738 1766 860 1828 ratione
893 1763 1125 1850 discrepantem
1157 1766 1320 1830 Plutarchi

145 1873 327 1937 memoriam
351 1872 509 1958 explicare
533 1894 596 1935 non
619 1871 703 1951 licet,
726 1893 795 1934 cum
820 1873 847 1934 is
864 1869 948 1934 diem
965 1893 991 1935 a.
1008 1870 1038 1934 d.
1054 1871 1134 1940 XV.
1151 1871 1225 1936 Kal.
1241 1871 1321 1936 Sex-

144 1981 217 2044 tiles
248 2002 442 2065 nequaquam
474 2001 531 2065 pro
562 1977 673 2042 eodem
704 1977 848 2042 habuerit
878 2000 914 2041 ac
944 1977 1027 2043 diem
1058 1977 1210 2064 postridie
1240 1978 1319 2044 Idus

144 2087 324 2168 Quintiles;
347 2088 415 2173 ipse
439 2087 520 2151 enim
546 2085 654 2150 eadem
678 2084 798 2149 ratione
815 2085 954 2170 singulos
971 2085 1039 2150 dies
1055 2085 1220 2171 designare
1239 2087 1320 2150 solet

144 2218 207 2282 qua
231 2195 367 2259 Romani
378 2201 398 2259 2.
443 2194 527 2258 Mihi
549 2192 677 2278 quidem
695 2192 884 2257 Plutarchus
908 2191 992 2257 diem
1008 2193 1170 2258 Aliensem
1195 2193 1321 2260 videtur

145 2302 329 2368 confudisse
353 2325 423 2366 cum
448 2301 546 2366 altero
570 2300 622 2365 die
645 2301 774 2365 aLivio
798 2300 972 2385 significato
995 2323 1058 2386 quo
1075 2297 1234 2388 Sulpicius
1258 2325 1320 2366 non

145 2411 270 2475 litasset
277 2435 286 2490 ;
309 2409 369 2473 hoc
392 2432 430 2473 eo
446 2408 570 2473 facilius
593 2409 660 2472 fieri
683 2408 788 2494 potuit
811 2407 895 2492 quod
920 2407 1004 2494 apud
1027 2409 1193 2494 plerosque
1217 2433 1321 2474 rerum

146 2518 317 2604 scriptores
345 2539 480 2602 pugnam
509 2515 672 2579 Aliensem
700 2514 853 2600 postridie
880 2514 959 2578 Idus
984 2515 1143 2593 Quintiles
1174 2519 1321 2582 commis-

147 2648 215 2689 sam
245 2646 315 2689 esse
343 2623 533 2687 Plutarchus
563 2620 726 2685 contendit
756 2643 790 2685 se
821 2622 971 2706 scriptum
1002 2622 1170 2686 invenisse.
1223 2623 1319 2701 Quod

147 2755 222 2796 num
246 2754 356 2797 verum
380 2733 422 2795 sit
437 2731 505 2794 Leo
528 2728 641 2792 iniuria
663 2728 803 2808 dubitat;
827 2750 898 2792 nam
922 2716 1075 2814 postridie
1098 2728 1226 2815 quidem
1241 2729 1320 2794 Idus

148 2862 215 2904 eam
240 2861 375 2924 pugnam
399 2837 515 2902 factam
540 2859 609 2901 esse
626 2835 750 2900 Gellius
774 2842 883 2899 auctor
898 2843 947 2899 est
962 2835 1054 2899 Noct.
1070 2836 1213 2903 AtticV
1232 2840 1282 2917 17,
1291 2841 1321 2918 2,

149 2955 180 3010 et
211 2969 264 3010 eas
294 2946 394 3010 fuisse
423 2943 503 3008 Idus
534 2943 695 3021 Quintiles
725 2942 907 3007 Macrobius
936 2942 1001 3006 Sat.
1023 2943 1042 3005 I
1067 2945 1117 3024 16,
1142 2946 1183 3008 23
1208 2944 1321 3008 Cassio

149 3053 286 3118 Hemina
310 3059 437 3116 auctore
460 3050 571 3131 tradit;
601 3073 638 3114 ac
667 3072 707 3114 ne
734 3056 844 3114 nostra
875 3048 1002 3134 quidem
1031 3058 1133 3114 aetate
1156 3051 1321 3115 clarissimi

148 3183 251 3226 rerum
267 3159 478 3224 Romanarum
495 3159 664 3244 scriptores
679 3155 880 3237 Niebuhrius,
896 3155 1086 3241 Schwegler,
1102 3157 1321 3223 Mommsenus

150 3267 189 3332 de
213 3291 250 3332 ea
273 3290 306 3332 re
337 3268 419 3332 inter
449 3288 483 3331 se
514 3265 722 3330 consentiunt.
775 3264 867 3342 Quae
898 3287 969 3328 cum
999 3266 1044 3329 ita
1074 3265 1138 3329 siut
1159 3265 1321 3330 Plutarchi

149 3374 291 3440 diversas
315 3397 365 3439 res
389 3373 608 3438 confundentis
624 3372 859 3437 festinationem
884 3380 916 3436 et
933 3372 1162 3457 neglegentiam
1178 3374 1321 3438 incusare

149 3482 231 3563 licet,
254 3505 318 3546 non
340 3483 416 3546 item
440 3504 572 3567 pravum
596 3479 763 3546 verborum
787 3479 990 3543 intellectum.

256 3590 313 3654 Bis
341 3597 463 3652 tantum
486 3587 637 3655 Valerius
666 3587 827 3650 Maximus
855 3586 1025 3649 Plutarcho
1049 3593 1238 3666 auctorest,
1268 3586 1320 3671 qui

148 3695 303 3761 factorum
327 3705 359 3760 et
382 3695 537 3759 dictorum
560 3694 657 3758 libros
681 3715 794 3758 novem
814 3693 948 3778 scripsit.
993 3692 1086 3756 Prior
1106 3693 1194 3757 locus
1219 3703 1268 3758 cst
1290 3697 1323 3757 in

150 3805 233 3868 vitae
254 3805 346 3868 Bruti
370 3825 396 3867 c.
414 3807 465 3882 53,
489 3803 542 3867 ubi
565 3802 642 3866 haec
665 3808 844 3864 narrantur:
869 3798 1017 3888 Πορκίαν
1041 3800 1155 3892 δὲτὴν
1179 3798 1322 3892 Βρούτου

257 4055 265 4083 ¹
286 4054 317 4107 L.
337 4053 354 4106 l.
374 4071 401 4123 p.
421 4053 463 4106 32.

257 4145 267 4172 '²
287 4143 328 4196 Of.
350 4142 495 4211 Sickinger
513 4140 531 4194 l.
550 4140 567 4193 l.
587 4157 613 4210 p.
633 4142 676 4193 33.
