3086 4732
801 286 844 352 48

717 380 931 388 ..-

234 489 367 570 γυναῖκα
390 479 554 563 Νικόλαος
576 476 594 550 ὃ
618 480 797 574 φιλόσοφος
819 480 943 572 ἱστορεῖ
964 483 1022 550 καὶ
1044 478 1240 572 Οὐαλλέριος
1255 479 1410 569 Μάξιμος

233 591 428 683 βουλομένην
440 583 624 657 ἀποθανεῖν
636 583 681 670 ὥς
696 583 802 671 οὐδεὶς
817 590 984 677 ἐπέτρεπε
1000 592 1063 656 τῶν
1075 588 1191 679 φίλιον,
1207 585 1290 657 ἀλλὰ
1300 613 1408 680 προσ-

235 697 357 765 έκειντο
380 698 436 764 καὶ
458 694 717 786 παρεφύλαττον,
742 697 778 764 έκ
798 699 854 764 τοῦ
868 697 973 786 πυρὸς
987 693 1226 786 ἀναρπάσασαν
1241 687 1410 786 ἄνθρακας

234 811 413 872 καταπιεῖν
435 804 493 870 καλ
520 800 557 871 τὸ
585 801 690 889 στόμα
718 802 950 892 συγκλείσασαν
976 804 1033 871 καλ
1057 802 1205 889 μύσασαν
1227 799 1311 872 odric
1333 807 1408 872 dm-

234 916 412 1002 φθαρῆναι.
458 910 532 988 Qua
554 910 594 975 de
617 933 651 974 re
674 910 752 975 haec
775 910 927 978 Valerius
950 910 1004 978 IV
1030 913 1060 990 6,
1084 915 1103 976 5
1126 919 1296 976 memorat:
1323 905 1408 976 ‘tuos

234 1040 359 1103 quoque
382 1017 576 1082 castissimos
599 1019 699 1102 ignes,
721 1017 835 1081 Porcia
850 1017 897 1082 M.
913 1017 1044 1082 Catonis
1061 1017 1132 1099 lilia,
1154 1025 1268 1082 cuncta
1283 1019 1409 1083 saecula

234 1123 441 1189 admiratione
463 1132 702 1210 prosequentur.
725 1147 819 1211 quae,
842 1147 912 1188 cum
935 1123 1021 1210 apud
1043 1124 1209 1211 Philippos
1232 1127 1353 1191 victum
1375 1133 1408 1190 et

235 1232 456 1317 interemptum
486 1232 590 1295 virum
617 1239 707 1296 tuum
734 1232 869 1295 Brutum
896 1253 1080 1316 cognosses,
1108 1233 1182 1318 quia
1204 1232 1321 1297 ferrum
1343 1255 1407 1296 non

234 1337 381 1414 dabatur,
408 1338 555 1403 ardentes
579 1361 633 1403 ore
656 1338 807 1402 carbones
830 1337 954 1402 haurire
983 1361 1048 1402 uon
1070 1338 1236 1420 dubitasti,
1263 1339 1408 1404 muliebri

235 1447 348 1531 spiritu
364 1445 487 1508 virilem
510 1446 609 1531 patris
632 1445 751 1509 exitum
774 1445 904 1510 imitata.
928 1444 986 1510 sed
1008 1447 1116 1510 nescio
1140 1469 1180 1510 an
1202 1446 1263 1510 hoc
1284 1446 1407 1525 fortius,

234 1550 319 1636 quod
343 1551 396 1616 ille
420 1554 545 1632 usitato,
568 1560 604 1615 tu
627 1573 711 1616 novo
733 1574 848 1638 genere
863 1552 974 1616 mortis
997 1553 1164 1639 absumpta
1182 1549 1234 1618 es.²
1281 1553 1407 1618 Nicolai

234 1657 425 1723 Damasceni
448 1658 606 1739 historiae,
628 1681 707 1744 quas
729 1659 790 1724 hoc
814 1681 876 1723 uno
899 1660 969 1724 loeo
987 1661 1183 1740 memoravit,
1204 1659 1406 1724 Plutarchum

234 1788 298 1829 non
328 1788 497 1852 usurpasse
520 1765 769 1831 Wichmanuusl
800 1773 832 1832 et
860 1768 978 1832 Peter2
1008 1766 1312 1834 demonstraverunt
1362 1767 1408 1831 At

234 1896 311 1938 vero
334 1874 476 1960 proxime
500 1874 568 1938 eius
585 1874 682 1938 verba
704 1873 745 1938 ad
760 1874 885 1941 Valerii
903 1876 1113 1938 narrationem
1128 1873 1291 1954 accedunt,
1314 1882 1407 1959 atque

233 1981 279 2044 ita
301 1989 338 2044 ut
364 1989 490 2045 servata
519 1983 589 2067 ipsa
618 1980 794 2067 imperfecti
825 1981 858 2047 vi
887 1981 1054 2046 verborum
1080 1978 1170 2066 ‘quia
1197 1982 1315 2046 ferrum
1344 2003 1406 2045 non

234 2083 378 2152 dabatur'
403 2089 590 2152 sententiam
619 2090 685 2153 suis
714 2088 765 2152 ille
789 2087 915 2173 quidem
941 2088 1060 2168 verbis,
1088 2087 1144 2152 sed
1168 2089 1331 2174 aptissime
1354 2110 1407 2152 ex-

235 2195 331 2281 plicet
345 2195 391 2259 sic
407 2217 476 2259 eam
491 2195 687 2259 illustransiz
711 2191 756 2274 ὡς
777 2190 884 2275 οὐδεὶς
907 2196 1069 2284 ἐπέτρεπε
1090 2198 1155 2262 τῶν
1177 2195 1281 2286 φίλων
1303 2188 1406 2279 (tao-

234 2305 376 2384 θανεῖν),
401 2294 470 2369 ἀλλ’
487 2303 699 2391 προσέκειντο
715 2302 772 2368 καὶ
788 2299 1043 2392 παρεφύλαττον.
1077 2301 1197 2366 Contra
1212 2303 1406 2388 eloquentiae

234 2409 288 2472 illa
314 2408 432 2472 lumina
458 2403 544 2473 ‘tuos
572 2431 697 2493 quoque
725 2409 918 2472 castissimos
947 2409 1036 2494 ignes
1060 2457 1163 2474 .....
1162 2405 1172 2431 ³
1198 2418 1231 2473 et
1251 2404 1406 2473 ‘muliebri

235 2514 348 2601 spiritu
372 2509 474 2595 ....,'
498 2537 579 2602 quae
602 2516 705 2579 miuus
728 2514 769 2579 ad
792 2538 858 2579 rem
882 2516 1095 2602 pertinebant,
1123 2539 1180 2580 suo
1203 2517 1270 2580 iure
1293 2517 1406 2580 omisit

235 2622 323 2686 Nihil
347 2623 443 2707 igitur
465 2622 571 2687 obstat
591 2623 666 2709 quin
689 2622 877 2687 Plutarchus
901 2645 981 2708 quae
1004 2622 1056 2687 hic
1078 2622 1176 2686 tradit
1198 2623 1281 2709 apud
1304 2625 1407 2708 ipsum

234 2729 401 2797 Valerium
424 2729 543 2814 legerit.

243 2829 247 2836 ’
340 2838 487 2902 Alterum
511 2836 636 2904 Valerii
664 2837 879 2901 testimonium
907 2837 1066 2900 invenitur
1093 2837 1125 2900 iu
1157 2838 1241 2901 vitae
1264 2836 1406 2901 Marcelli

234 2967 260 3009 ο.
274 2949 325 3025 30,
348 2945 403 3009 ubi
417 2943 630 3007 Hannibalem
646 2943 834 3007 Marcellum
850 2951 1007 3008 mortuum
1026 2943 1076 3008 his
1092 2967 1220 3009 ornasse
1236 2943 1406 3009 honoribus

234 3051 421 3116 Plutarchus
445 3058 565 3116 narrat:
593 3049 629 3118 τὸ
657 3051 693 3119 δὲ
718 3056 813 3136 σῶμα
836 3049 1002 3142 κοσμήσας
1028 3052 1194 3140 πρέποντι
1218 3050 1330 3140 κόσμῳ
1353 3051 1407 3120 καὶ

234 3158 440 3247 περιστείλας
463 3157 597 3244 ἐντίμως
619 3157 743 3226 ἔκαυσε·
767 3159 824 3226 καὶ
847 3156 888 3226 τὰ
904 3157 1048 3244 λείψανα
1067 3159 1199 3239 συνθεὶς
1214 3157 1262 3240 εἰς
1285 3156 1407 3226 κάλπιν
1433 3178 1435 3182 ’

235 3260 374 3356 ἀργυρᾶν
408 3267 464 3332 καὶ
498 3268 633 3353 χρυσοῦν
667 3263 816 3352 ἐμβαλῶν
850 3265 1005 3356 στέφανον
1035 3258 1206 3333 ἀπέστειλε
1238 3265 1323 3354 πρὸς
1353 3265 1407 3334 τὸν

236 3370 316 3442 οἶόν.
355 3371 482 3436 Deinde
498 3381 666 3457 postquam
682 3371 894 3436 Hannibalem
911 3370 1068 3451 Numidis
1092 3372 1146 3457 qui
1169 3395 1246 3436 urna
1262 3372 1408 3458 adempta

234 3480 378 3544 Marcelli
409 3501 482 3544 ossa
504 3478 716 3558 disieeisseut,
746 3500 864 3564 poenas
892 3479 1094 3565 imposuisse,
1124 3488 1261 3543 ceterum
1292 3479 1407 3543 nullam

235 3587 436 3672 reliquiarum
466 3584 710 3671 colligendarum
734 3608 840 3650 curam
862 3585 1010 3650 habuisse
1040 3587 1192 3666 narravit,
1222 3587 1268 3650 sie
1290 3587 1406 3672 pergit:

234 3701 334 3762 ταῦτα
356 3695 417 3780 μὲν
441 3684 495 3762 οὖν
518 3692 548 3762 oi
572 3695 652 3783 περὶ
674 3692 851 3786 Κορνήλιον
870 3695 1016 3763 Νέπωτα
1039 3695 1095 3762 καὶ
1115 3689 1313 3784 Οὐαλλέριον
1329 3690 1407 3760 Moi-

343 3875 352 3902 ¹
371 3872 402 3926 L.
421 3871 439 3925 l.
459 3892 486 3945 p.
506 3875 549 3928 49.

342 3961 402 4015 ²L.
423 3961 441 4014 l.
460 3979 486 4032 p.
508 3965 567 4016 137.

343 4051 415 4104 ⁸De
434 4051 539 4105 ratione
554 4068 610 4122 qua
624 4049 791 4104 Plutarchus
810 4054 955 4105 auctorum
974 4067 1086 4105 sucmm
1102 4050 1252 4104 sententias
1271 4049 1407 4104 illustrare

235 4139 322 4194 soleat
340 4140 374 4192 ei.
391 4138 621 4208 Weissenbergcr‚
640 4139 684 4192 die
704 4138 826 4208 Sprache
844 4139 991 4194 Plutarchs
1011 4157 1064 4194 von
1083 4138 1243 4194 Chaeronea
1261 4157 1288 4210 p.
1310 4141 1333 4192 o.
