3086 4732
168 482 355 548 Plutarchus
379 484 474 548 etiam
498 505 535 546 ea
558 504 637 567 quae
661 491 823 568 praeterea
846 480 939 546 affert·
961 481 1001 546 ab
1024 483 1095 568 ipso
1117 482 1239 547 Catone
1263 483 1343 568 peti-

168 590 258 670 verit,
281 612 351 653 curn
375 612 412 653 aa
427 588 468 654 ad
483 589 570 652 locos
589 589 765 674 pertineant
780 611 911 674 quorum
929 589 1027 652 verba
1047 611 1201 674 nusquam
1218 597 1343 653 servata

168 705 249 761 sunt.
295 697 447 760 Attamen
477 718 540 760 non
571 697 638 760 sine
669 696 772 781 aliqua
796 698 862 760 veri
887 695 1092 760 similitudine
1120 695 1160 760 de
1184 696 1342 760 nonnullis

168 803 305 868 iudicare
328 804 412 868 licet.
459 803 509 866 Ac
532 803 666 888 primum
690 803 816 887 quidem
841 826 914 866 num
940 803 1070 867 Catonis
1095 802 1243 888 Origines
1268 803 1344 867 Plu-

167 910 293 974 tarchus
309 912 379 996 ipse
395 911 506 994 legerit
521 909 733 995 quaerendum
752 909 877 974 videtur
900 932 979 974 esse.
1014 910 1088 987 Qua
1111 911 1142 972 in
1159 913 1342 994 quaestione

167 1017 348 1103 Klappiusl
372 1024 516 1081 versatus
536 1017 707 1081 Plutarcho
731 1017 791 1080 hoc
807 1017 939 1082 Catonis
963 1019 1115 1103 scriptum
1138 1026 1210 1080 ante
1234 1018 1343 1082 oculos

168 1123 269 1187 fuisse
299 1145 400 1208 neque
430 1146 559 1188 necesse
590 1147 690 1210 neque
722 1124 891 1189 verisimile
924 1147 994 1190 esse
1010 1125 1200 1218 affimavit.
1245 1124 1343 1202 Quod

169 1238 205 1292 ut
235 1229 429 1294 demonstret
458 1253 520 1294 non
551 1232 622 1316 plus
653 1240 801 1316 quattuor
830 1232 917 1295 locos
948 1254 987 1296 ex
1011 1231 1179 1316 Originum
1202 1232 1342 1318 reliquiis

168 1359 237 1400 curn
261 1336 431 1400 Plutarcho
455 1340 620 1402 concinere
644 1338 794 1403 affirmat:
829 1339 913 1402 vitae
936 1339 1064 1403 Romuli
1088 1360 1113 1402 c.
1137 1343 1168 1418 4,
1191 1339 1243 1402 ubi
1268 1339 1344 1404 Plu-

166 1446 293 1508 tarchus
317 1445 435 1508 Accam
454 1445 635 1510 Larentiam
659 1454 829 1525 memoret3
853 1468 878 1510 c.
904 1449 955 1526 11,
978 1445 1032 1510 ubi
1055 1445 1210 1510 Romulus
1234 1447 1343 1511 urbem

166 1559 269 1614 aratro
292 1552 411 1615 feratur
433 1550 632 1635 designasse3
663 1575 689 1616 c.
714 1555 765 1631 19,
794 1553 847 1617 ubi
876 1553 1091 1618 Romanorum
1120 1576 1193 1617 cum
1217 1552 1342 1619 Sabinis

166 1659 344 1722 conciliatio
361 1667 517 1738 narretur;
535 1659 620 1722 vitae
632 1659 724 1724 Fabii
736 1659 869 1724 Maximi
887 1682 912 1724 c.
928 1663 978 1740 17,
994 1682 1056 1745 quo
1071 1659 1142 1724 loco
1155 1660 1342 1725 Plutarchus

168 1764 379 1828 Hannibalem
403 1773 477 1848 post
499 1766 663 1829 victoriam
680 1765 879 1831 Cannensem
903 1767 1009 1831 statim
1027 1767 1164 1832 Romam
1186 1769 1231 1831 ire
1254 1768 1344 1831 nolu-

169 1872 233 1932 isse
256 1869 385 1949 referat3
409 1893 489 1954 quae
513 1894 563 1934 res
587 1893 696 1936 omnes
720 1895 789 1936 cum
814 1876 927 1958 partim
952 1875 991 1939 ab
1015 1875 1084 1938 aliis
1104 1876 1217 1960 partim
1240 1875 1280 1939 ab
1303 1875 1342 1938 iis

169 1985 382 2039 memorentur
411 1977 615 2062 scriptoribus
646 1979 700 2063 qui
730 2002 810 2064 quae
838 1979 966 2044 tradunt
989 2004 1006 2044 e
1030 1980 1161 2046 Oatonis
1185 1981 1265 2046 libro
1288 2005 1343 2045 ex-

168 2083 354 2168 cerpserint,
384 2105 447 2147 non
477 2106 547 2148 esse
577 2107 706 2149 necesse
737 2085 814 2149 dicit
838 2086 1038 2152 Plutarchum
1062 2089 1195 2174 abipso
1220 2088 1341 2153 Catone

167 2189 244 2252 haec
260 2197 436 2253 mutuatum
453 2212 532 2254 esse.
569 2191 631 2256 Sed
650 2192 708 2256 hac
728 2195 998 2277 argumentatione
1020 2196 1073 2260 ille
1093 2195 1171 2260 nihil
1186 2198 1341 2282 probavit.

166 2296 278 2380 Neque
307 2298 389 2360 enim
418 2305 520 2361 utrum
551 2298 596 2361 illi
624 2321 662 2362 an
687 2300 875 2364 Plutarchus
905 2301 946 2366 ad
970 2301 1102 2367 Catonis
1132 2304 1342 2368 narrationem

166 2403 295 2489 propius
319 2402 449 2468 accedat
472 2407 610 2489 inquirit.
656 2406 782 2471 Deinde
805 2407 966 2494 Klappius
997 2431 1034 2473 eo
1064 2432 1193 2496 prorsus
1225 2411 1342 2474 erravit

167 2509 252 2593 quod
275 2511 377 2574 nullos
402 2512 462 2574 nisi
485 2511 557 2576 illos
580 2521 729 2597 quattuor
756 2515 842 2579 locos
868 2537 938 2579 cum
963 2515 1148 2601 Originibus
1172 2520 1340 2581 convenire

169 2615 346 2679 affirmavit.
391 2617 474 2682 Nam
498 2620 590 2682 etiam
615 2643 694 2704 quae
711 2620 834 2686 Gellius
857 2623 952 2688 Noct.
976 2625 1074 2686 Attio.
1098 2623 1134 2686 II
1159 2628 1210 2703 22,
1235 2628 1276 2688 28
1301 2623 1340 2688 de

168 2724 270 2785 cercic
299 2732 395 2787 vento
424 2747 463 2788 ex
487 2711 672 2809 Originibus
695 2727 806 2792 affert²
828 2729 1017 2794 Plutarchus
1046 2730 1078 2792 in
1102 2732 1185 2793 vitae
1209 2729 1340 2793 Sertorii

167 2851 192 2892 c.
218 2832 257 2892 17
289 2840 442 2894 memorat
476 2831 584 2898 dicens
621 2833 756 2898 eundem
791 2844 920 2900 ventum
956 2835 1099 2903 Καικίαν
1135 2859 1153 2899 a
1182 2836 1340 2899 nonnullis

168 2936 273 2999 vocari
282 2942 302 2999 3.
340 2937 508 3002 Praeterea
531 2962 570 3004 ne
594 2940 672 3005 illud
695 2942 822 3026 quidem
845 2942 1005 3029 Klappius
1022 2943 1206 3028 Originibus
1229 2942 1341 3007 tribuit

169 3041 252 3126 quod
270 3042 456 3108 Plutarchus
479 3045 528 3110 bis
551 3047 652 3126 affert,
676 3050 707 3110 in
732 3051 815 3112 vitae
833 3049 991 3113 Coriolani
1008 3073 1033 3114 c.
1052 3053 1093 3113 14
1110 3059 1142 3114 et
1159 3053 1191 3113 in
1208 3052 1339 3128 Quaest.

165 3148 258 3212 Rorn.
288 3171 315 3212 c.
339 3154 395 3215 49:
442 3151 498 3218 διὰ
528 3153 561 3220 τί
590 3152 660 3235 ταῖς
687 3157 973 3243 παραγγέλλοντας
1001 3151 1112 3246 ἄρχειν
1135 3156 1216 3238 ἔθος
1243 3151 1281 3249 ἦν
1306 3160 1339 3225 ἐν

166 3255 283 3345 ἱματίῳ
306 3261 401 3326 τοῦτο
425 3268 536 3327 ποιεῖν
560 3257 721 3344 ἀχίτωνας,
747 3257 790 3344 ὡς
812 3260 929 3331 Κάτων
953 3263 1131 3355 {carloman
1154 3287 1216 3350 quo
1240 3265 1338 3329 alterO

164 3362 233 3426 loco
264 3363 417 3428 Catonern
451 3375 611 3432 auctorem
643 3369 827 3434 nominatim
860 3371 1030 3457 adiungitt
1081 3372 1145 3437 Sed
1178 3373 1337 3458 Klappins

164 3469 242 3532 haec
271 3471 404 3536 fortasse
429 3472 560 3538 Catonis
593 3474 633 3538 de
664 3477 783 3541 ambitu
814 3479 946 3542 crationi
977 3487 1032 3542 aut
1062 3480 1115 3543 alii
1144 3503 1206 3564 qua
1234 3501 1337 3542 mores

164 3585 329 3662 corruptos
363 3578 578 3644 Romanorum
612 3585 814 3669 castigaverit
852 3594 907 3649 aut
941 3585 1083 3650 eiusdem
1124 3586 1163 3649 de
1198 3585 1337 3649 moribus

164 3723 224 3730 -κ-

433 3729 483 3745 —r-

273 3774 281 3802 ¹
301 3773 343 3828 De
362 3776 482 3830 vitarum
502 3777 731 3832 Plutarchearum
752 3780 911 3834 auctoribus
929 3781 1063 3834 Romanis
1082 3799 1108 3851 p.
1131 3784 1171 3834 ll.

271 3863 343 3917 Ἤ.
363 3864 453 3932 Peter,
471 3866 666 3922 historicorum
685 3868 875 3923 Romanorum
894 3869 1025 3940 reliquiae
1044 3888 1070 3940 p.
1090 3872 1133 3924 80.

271 3952 281 3981 ³
300 3951 462 4023 Legendum
481 3951 566 4026 igitur·
585 3956 770 4012 videturesse
789 3960 918 4026 Καίρκιον
937 3960 993 4012 sive
1012 3960 1135 4028 Κέρκιον.

269 4042 280 4070 ⁴
299 4042 380 4096 Haec
399 4043 484 4113 igitur
502 4044 586 4098 verba
604 4047 746 4101 Jordanus
765 4048 782 4102 l.
803 4048 819 4101 l.
840 4066 865 4118 p.
887 4049 921 4100 29
945 4054 973 4102 et
992 4049 1073 4104 Peter
1091 4049 1108 4104 l.
1128 4050 1145 4102 l.
1170 4068 1195 4119 p.
1215 4052 1250 4104 89
1275 4049 1335 4102 Ori-

162 4128 257 4196 ginum
277 4130 399 4202 reliquiis
419 4135 601 4187 inseruerunt.
