3086 4732
774 298 816 362 46

316 491 476 572 Quoniam
505 493 608 558 adhuc
637 494 691 560 illa
720 494 917 559 consideravi
945 494 1124 560 testimonia
1147 495 1281 580 quaein
1306 494 1380 559 vitis

209 601 366 687 parallelis
389 601 572 686 allegantur,
594 601 626 664 in
650 601 707 665 hac
728 601 951 688 disput-ationis
974 610 1063 688 parte
1085 610 1185 666 restat
1200 609 1235 666 ut
1250 601 1289 666 ad
1305 602 1381 666 Plu-

209 708 308 772 tarchi
339 708 456 794 scripta
485 708 613 772 moralia
642 716 808 773 transeam.
857 708 909 772 Ac
936 711 1071 795 primum
1093 709 1221 794 quidem
1244 710 1276 772 in
1299 708 1380 773 libro

209 817 262 900 qui
287 823 336 879 est
359 813 398 879 de
421 814 546 879 fortuna
573 815 786 880 Romanorum
815 815 1016 896 Plutarchus,
1045 824 1212 902 postquam
1240 815 1280 880 de
1304 817 1379 881 urbe

209 921 311 986 Roma
327 943 346 985 a
363 921 464 986 Gallis
489 929 668 1009 expugnata
690 931 784 1008 atque
804 922 843 987 de
859 923 898 988 iis
914 945 994 1008 quae
1010 922 1051 987 nd
1066 923 1149 987 illius
1165 923 1380 988 Romanorum

209 1027 307 1092 cladis
330 1027 446 1092 famam
462 1028 709 1115 amplificandam
733 1030 807 1094 ficta
829 1037 903 1094 sunt
926 1032 1081 1116 exposuit,
1104 1030 1233 1094 Livium
1248 1030 1281 1094 in
1297 1053 1323 1095 c.
1337 1034 1378 1095 13

209 1136 277 1199 eius
301 1137 346 1199 rei
370 1157 493 1200 causam
518 1135 703 1222 prodentem
719 1135 842 1201 inducit
855 1137 904 1201 his
921 1137 1042 1202 verbis:
1066 1133 1149 1205 ἀλλὰ
1171 1136 1205 1205 τί
1228 1140 1277 1205 δεῖ
1299 1137 1380 1227 περὶ

208 1245 307 1309 ταῦτα
331 1241 519 1333 διατρίβειν,
550 1235 698 1334 doccia}
721 1239 812 1312 οὐδὲν
841 1239 916 1312 οὐδὲ
947 1240 1124 1334 ὡρισμένον
1150 1243 1225 1328 ἔχει,
1256 1250 1301 1334 τῷ
1323 1245 1378 1312 καί

208 1349 247 1416 τά
272 1350 448 1439 πράγματα
477 1353 703 1442 διαφθαρῆναι
731 1357 793 1418 τιῦν
818 1347 982 1436 Ῥωμαίων
1009 1353 1064 1419 καί
1089 1354 1283 1442 συγχυθῆναι
1306 1348 1380 1432 τοὺς

208 1450 265 1524 s‘rc’
292 1452 397 1523 οιίτιῦν
421 1450 746 1550 ὑπομνηματισμούς,
771 1452 816 1538 ιδς
837 1457 961 1544 Λίβιος
985 1457 1145 1552 ἱστόρηκε,Ι
1185 1458 1259 1536 Qua
1281 1457 1321 1522 de
1344 1480 1379 1522 re

208 1563 320 1626 Livius
343 1562 399 1629 VI
424 1566 452 1643 l,
477 1567 494 1628 1
520 1585 600 1648 sqq.:
631 1558 723 1650 ‘quae
751 1564 943 1629 abcondita
965 1565 1042 1630 urbe
1065 1565 1167 1630 Roma
1190 1565 1230 1629 ad
1254 1573 1379 1651 captam

208 1669 340 1734 eandem
363 1670 472 1734 urbem
487 1670 623 1735 Romani
645 1693 781 1756 gessere,
805 1720 812 1736 .
829 1723 835 1736 .
852 1721 883 1737 ..
907 1673 1044 1758 quinque
1059 1672 1147 1737 libris
1163 1673 1306 1759 exposui,
1327 1694 1378 1737 res

209 1799 278 1841 cum
304 1784 462 1842 vetustate
490 1778 586 1842 nimia
616 1779 765 1843 obscuras
892 1788 960 1843 tum
983 1779 1067 1866 quod
1092 1802 1208 1865 parvae
1232 1787 1265 1844 et
1291 1802 1379 1845 rarae

207 1906 265 1970 per
287 1882 396 1948 eadem
420 1892 562 1971 tempora
584 1885 706 1950 litterae
729 1885 833 1966 fuere,
959 1895 991 1951 et
1013 1886 1108 1973 quod,
1131 1889 1225 1951 etiam
1249 1887 1276 1951 si
1299 1908 1378 1971 quae

207 1991 239 2056 in
267 1992 498 2056 commentariis
529 1994 711 2078 pontificum
740 1994 873 2078 aliisque
903 1994 1039 2080 publicis
1068 1995 1263 2080 privatisque
1291 2001 1380 2058 erant

207 2101 430 2180 monumentis,
466 2099 594 2164 incensa
623 2100 700 2164 urbe
730 2100 898 2186 pleraeque
928 2098 1092 2166 interiere?
1149 2101 1216 2166 Ubi
1248 2109 1380 2188 apparet

207 2205 412 2270 Plutarchum
442 2206 540 2270 solam
568 2228 635 2269 rem
665 2215 792 2271 auctore
823 2207 917 2272 Livio
940 2208 1069 2288 referre,
1100 2231 1161 2273 non
1190 2209 1259 2295 ipsa
1282 2209 1378 2274 verba

206 2311 347 2377 reddere.

313 2418 405 2483 Alter
428 2418 516 2483 locus
544 2441 606 2504 quo
634 2420 747 2485 Livius
771 2421 802 2484 in
826 2421 887 2485 illis
912 2421 1037 2508 scriptis
1060 2430 1171 2486 auctor
1192 2424 1307 2487 citatur
1329 2432 1379 2488 est

206 2525 238 2588 in
271 2525 501 2603 Quaestionum
534 2526 747 2592 Romanarum
780 2550 806 2592 c.
831 2531 886 2609 25,
918 2529 971 2593 uhi
1005 2529 1192 2594 Plutarchus
1222 2552 1278 2594 cur
1309 2529 1377 2594 dies

206 2631 359 2718 postridie
382 2631 556 2714 Kalendas,
578 2633 697 2714 Nonas,
727 2633 805 2700 Idus
829 2635 944 2700 nefasti
966 2635 1141 2701 habeantur
1163 2637 1208 2701 sic
1231 2637 1376 2723 exponit:

206 2739 309 2808 διὰτί
325 2740 382 2832 τήν
396 2740 480 2827 μετά
504 2738 666 2823 καλάνδας
688 2738 810 2832 ἡμέραν
828 2744 883 2811 καί
899 2742 1012 2824 νόννας
1035 2745 1090 2811 καί
1107 2742 1214 2825 είδοδς
1229 2737 1378 2828 άνίξοδον

206 2848 262 2915 καί
280 2843 499 2941 ἀνεκδήμητον
513 2846 674 2931 sidercas,-
696 2848 846 2936 πότερον,
871 2844 915 2930 ιδς
930 2848 958 2917 ci
977 2853 1124 2919 πλεῖστοι
1141 2850 1304 2937 νομίζουσι
1321 2851 1375 2919 καί

205 2954 329 3041 Λίβιος
353 2953 483 3044 ἱστορεῖ,
508 2950 557 3022 ὅτι
580 2951 660 3040 μετά
683 2953 743 3035 τὰς
764 2955 954 3036 Κυιντιλίας
976 2956 1091 3040 είδοάς,
1116 2950 1155 3037 ἃς
1177 2963 1231 3027 νῦν
1244 2954 1378 3039 Ἰουλίας

205 3064 366 3145 καλοῖσιν,
391 3058 555 3150 ἐξάγοντες
578 3060 609 3129 ci
632 3061 788 3152 χιλίαρχοι
811 3061 849 3132 τὸ
873 3061 1053 3153 στράτευμα
1077 3066 1152 3154 περὶ
1176 3065 1232 3133 τδν
1246 3060 1377 3133 >Λλλίαν

206 3166 357 3254 ποταμὸν
385 3168 613 3262 ἐκρατήθησαν
645 3166 713 3238 διεδ
739 3173 868 3238 Κελτιίν
890 3169 977 3262 μάχη
1001 3173 1057 3239 καί
1080 3172 1136 3262 τήν
1159 3171 1258 3240 πάλιν
1281 3165 1377 3240 cind-

205 3278 312 3343 λεσαν·
329 3275 540 3368 νομισθείσης
555 3277 591 3343 δὲ
608 3279 664 3366 τῆς
678 3277 761 3363 μετὰ
777 3274 836 3357 τὰς
850 3276 956 3358 είδοδς
971 3272 1166 3369 ἀποφράδος
1183 3279 1377 3372 προήγαγεν,

205 3379 317 3471 ὥσπερ
350 3384 450 3472 φιλεῖ,
480 3383 677 3473 ντορριοτέριο
708 3383 745 3451 τδ
777 3375 860 3473 ἦδος
889 3378 908 3474 ή
939 3385 1182 3472 δαισιδαιμονία
1212 3387 1268 3456 καί
1298 3413 1376 3455 κατ-

205 3490 336 3583 έστησεν
364 3487 410 3572 είς
432 3486 488 3581 τήν
510 3485 609 3580 αὐτήν
640 3484 809 3577 εὐλάβειαν
835 3488 893 3582 τήν
922 3518 955 3560 τε
983 3492 1067 3579 μετά
1096 3490 1211 3574 νόννας
1240 3494 1297 3562 καί
1320 3492 1376 3585 τήν

204 3593 288 3684 μετὰ
303 3593 475 3677 καλάνδας.
515 3595 636 3660 Eadem
660 3596 699 3661 de
721 3620 755 3662 re
778 3597 855 3663 haec
881 3600 1011 3685 exponit
1024 3599 1138 3666 Livius
1151 3601 1205 3667 VI
1223 3604 1301 3682 l,ll
1316 3624 1376 3687 sq.:

204 3698 283 3768 ‘lum
307 3701 346 3768 de
370 3702 481 3768 diebus
510 3703 665 3789 religiosis
695 3705 804 3790 agitari
833 3714 993 3792 coeptum,
1023 3705 1168 3793 diemque
1191 3731 1218 3773 a.
1242 3707 1272 3773 d.
1294 3708 1375 3777 XV.

204 3809 278 3874 Kal.
307 3809 443 3875 Sextiles
476 3810 595 3897 duplici
626 3812 714 3877 clade
747 3813 916 3898 insignem,
949 3835 1011 3898 quo
1041 3813 1093 3879 die
1123 3814 1164 3879 ad
1194 3813 1375 3881 Cremeram

204 3915 295 3983 Fabii
319 3916 416 3997 caesi,
445 3939 508 4004 quo
536 3916 651 3983 deinde
679 3917 719 3983 ad
742 3919 849 3984 Aliam
876 3942 947 3984 cum
970 3922 1067 3985 exitio
1091 3921 1177 3987 urbis
1199 3922 1295 3987 foede
1318 3945 1376 4009 pu-

204 4032 346 4110 gnaturn,
376 4047 395 4089 a
422 4026 596 4111 posteriore
626 4025 715 4090 clade
739 4025 902 4092 Aliensem
932 4028 1129 4115 appellarunt
1157 4029 1375 4116 insignemque

204 4131 248 4196 rei
273 4131 348 4196 nulli
380 4129 504 4218 publico
536 4132 744 4218 privatimque
774 4132 914 4218 agendae
943 4135 1093 4200 fecerunt
1123 4136 1259 4222 quidam,
1289 4135 1374 4222 quod
