3086 4732
764 286 804 346 14

195 478 223 542 ei
247 483 337 542 notas
361 478 458 542 fuisse
484 500 522 542 ex
547 479 613 542 eius
630 477 714 543 vitae
738 482 800 542 c4
824 487 963 565 apparet,
986 477 1039 543 ubi
1059 478 1258 560 Plutarchus
1280 487 1369 566 post

194 608 287 670 quam
318 585 477 672 complura
509 585 576 649 eius
607 584 691 650 dicta
721 585 840 668 attulit,
874 586 919 650 sic
948 587 1065 672 pergit:
1100 586 1231 680 τοιαύτη
1261 588 1319 672 μὲν
1348 581 1368 678 ἡ

194 692 310 783 πικρία
334 697 397 760 τῶν
420 690 521 778 λόγων
544 682 581 781 ἦν
605 688 713 776 αὐτοῦ,
738 695 793 760 καὶ
817 691 1060 780 collaterata
1085 695 1122 760 ἐν.
1145 697 1209 760 τῶν
1232 719 1367 783 γεγραμ-

193 801 297 885 μένων
327 800 414 867 ἒστὶν
438 796 544 885 ὅμοια.
591 799 739 864 Eundem
770 799 854 885 apud
885 822 1031 865 censores
1060 807 1253 880 accusatum,
1283 801 1366 885 quod

194 915 265 970 ante
301 915 477 992 praetorem
512 930 529 971 e
564 908 727 992 provincia
761 915 910 992 quaestor
945 907 1150 987 decessisset,
1188 906 1266 972 haec
1299 907 1368 973 fere

193 1012 312 1077 dixisse
335 1013 454 1078 ibidem
477 1035 502 1078 c.
527 1017 545 1077 2
570 1023 691 1078 narrat:
728 1015 958 1104 ἐστρατεῦσθαι
986 1016 1046 1100 μὲν
1070 1013 1128 1103 γὰρ
1153 1013 1216 1106 ἔφη
1241 1012 1367 1083 δώδεκα

193 1119 261 1214 ἐτη,
292 1123 354 1188 τῶν
382 1113 487 1188 ἄλλων
516 1121 596 1188 δέκα
619 1122 879 1209 στρατευομένων
904 1122 939 1202 ἐξ
960 1117 1112 1214 ἀνάγκης,
1143 1118 1304 1207 ταμιεύων
1333 1124 1368 1190 δὲ

193 1231 239 1316 cpi
263 1234 428 1322 στρατηγῷ
450 1229 757 1320 παραμεμενηκέναι
779 1229 927 1316 τριετίαν,
951 1234 1010 1297 τοῦ
1025 1228 1123 1314 νόμον
1137 1221 1204 1314 μετ)
1222 1229 1368 1298 ἐνιαυτὸν

194 1337 390 1403 ἐπανελθεῖν
414 1333 579 1415 διδόντος·
602 1333 700 1421 μόνος
728 1337 763 1402 δὲ
792 1338 857 1402 τῶν
882 1337 1160 1423 στρατευσαμένων
1182 1339 1307 1428 ντληρες
1329 1337 1365 1404 τὸ

193 1440 365 1528 βαλάντιον
389 1441 594 1534 εἰσενηνοχώς
621 1440 711 1511 κενὸν
735 1444 967 1534 ἐξενηνοχέναι,
995 1437 1072 1524 τοὺς
1102 1445 1137 1511 δὲ
1167 1435 1285 1524 ἄλλους
1311 1444 1364 1511 ἐκ·

193 1549 333 1630 ττιόντας
356 1547 391 1618 ὅν
406 1547 589 1640 εἰσήνεγκαν
613 1545 698 1618 οἶνον
721 1545 870 1641 ἆρμιιρίοο
894 1552 948 1618 καὶ
973 1550 1101 1640 χρυσίου
1116 1548 1251 1637 μεστοὺς
1274 1553 1366 1639 δεῦρο

193 1657 268 1736 τούς
301 1649 458 1747 ἀμφορεῖς
489 1652 577 1746 η’νειν
610 1657 812 1744 κομίζοντας.
866 1657 957 1722 Idem
990 1657 1058 1721 fere
1091 1681 1129 1722 ex
1161 1657 1197 1723 O.
1230 1656 1365 1723 Gracchi

194 1766 334 1828 oratione
366 1763 488 1828 Gellius
518 1764 613 1828 Noct.
642 1765 741 1830 Attio.
772 1765 843 1831 XV
870 1769 909 1829 12
941 1764 1078 1851 profert:
1115 1761 1165 1830 Ὃ.
1195 1764 1367 1841 Gracchus,

193 1893 262 1934 cum
298 1893 338 1934 ex
370 1869 515 1935 Sardinia
548 1871 655 1952 rediit,
688 1875 861 1936 orationem
896 1871 936 1936 ad
974 1871 1123 1957 populum
1157 1873 1189 1934 in
1221 1874 1366 1938 contione

193 1978 311 2042 habuit.
341 2001 378 2042 ea
409 1978 505 2044 verba
532 1979 609 2043 haec
637 1988 725 2044 sunt:
772 2028 810 2043 ..
835 2029 842 2044 .
865 2028 873 2043 .
894 1975 1032 2063 ‘itaque'
1057 1980 1173 2064 iuquit,
1202 1974 1366 2060 ‘Quirites

193 2109 262 2149 cum
286 2086 420 2149 Romam
444 2085 605 2171 proiectus
629 2109 712 2165 sum,
742 2109 836 2150 zonas
866 2108 943 2170 quas
967 2086 1076 2170 plenas
1108 2088 1228 2170 argenti
1259 2086 1364 2164 extuli,

193 2216 245 2256 eas
285 2216 324 2256 ex
361 2193 524 2279 provincia
566 2193 674 2256 inanes
718 2192 831 2256 rettuli.
879 2192 933 2256 alii
973 2193 1041 2257 vini
1080 2193 1246 2278 amphoras
1288 2214 1363 2278 quas

192 2300 301 2385 plenas
333 2299 488 2378 tulerunt,
523 2321 575 2362 eas
610 2307 740 2383 argento
773 2300 908 2386 repletas
944 2298 1071 2363 domum
1107 2293 1363 2386 reportaverunt?

193 2406 284 2469 Haec
307 2407 402 2490 igitur
425 2404 487 2470 Gai
511 2406 608 2470 verba
631 2404 775 2470 videmus
797 2405 999 2470 Plutarchum
1023 2405 1064 2470 ad
1088 2408 1237 2472 amussim
1261 2406 1366 2472 reddi-

193 2512 287 2576 disse.
333 2512 382 2576 Εο
406 2515 504 2597 magis
528 2513 641 2576 mirum
672 2512 827 2598 estquod
858 2513 980 2577 abhoc
1004 2513 1170 2579 discedens
1195 2522 1273 2597 tres
1303 2537 1365 2578 non

194 2619 273 2684 duos
307 2625 425 2684 annosl
456 2619 571 2684 Gaium
603 2621 635 2684 in
669 2619 815 2686 Sardinia
845 2620 946 2686 fuisse
980 2622 1090 2686 scribit
1122 2630 1154 2686 et
1183 2621 1268 2706 quod
1298 2644 1366 2685 eam

194 2727 366 2792 orationem
399 2750 461 2792 non
494 2729 526 2791 in
560 2729 706 2792 contione
739 2728 778 2792 ad
812 2728 978 2815 populum,
1014 2729 1070 2792 sed
1103 2727 1186 2812 apud
1219 2749 1365 2791 censores

193 2835 333 2900 habitam
364 2858 433 2900 esse
464 2835 634 2903 contendit.
680 2835 786 2912 Quam
816 2834 1057 2918 discrepantiam
1085 2832 1264 2916 Klappius2
1291 2831 1364 2894 inde

197 2952 297 3008 ortam
332 2943 478 3028 opinatur
512 2965 582 3007 esse
621 2942 705 3028 quod
740 2941 928 3006 Plutarchus
966 2937 1044 3004 illud
1078 2938 1292 3003 testimonium
1327 2960 1366 3002 ex

196 3051 317 3116 duabus
342 3050 536 3115 orationibus
566 3049 650 3137 apud
680 3072 828 3115 censores
858 3059 890 3113 et
919 3048 1120 3113 incautione
1150 3045 1191 3111 ad
1215 3045 1367 3132 populum

194 3158 309 3222 habitis
333 3158 553 3243 composuerit.
600 3157 664 3222 Sed
688 3158 857 3220 Plutarcho
882 3179 949 3220 eam
974 3157 1146 3218 orationem
1169 3155 1271 3238 ipsam
1294 3163 1366 3218 ante

196 3264 302 3329 oculos
326 3263 426 3327 fuisse
450 3263 620 3327 verisimile
645 3271 702 3341 est,
725 3264 797 3345 quia
820 3260 970 3325 nonnulla
993 3258 1032 3322 ad
1049 3258 1180 3323 verbum
1196 3262 1367 3342 convertit3

193 3393 294 3456 neque
323 3369 472 3434 credibile
503 3378 553 3461 est
576 3368 691 3434 Gaium
722 3370 754 3431 in
785 3367 883 3430 altera
912 3367 1053 3429 oratione
1083 3364 1177 3445 duos,
1207 3368 1238 3428 in
1269 3367 1367 3432 altera

193 3488 257 3544 tres
281 3499 379 3542 annos
403 3477 435 3540 in
460 3475 605 3541 Sardinia
628 3497 661 3540 se
684 3474 784 3538 fuisse
808 3473 937 3540 dixisse.
982 3471 1151 3558 Utcunque
1175 3481 1237 3553 est,
1264 3497 1366 3560 neque

195 3586 300 3651 Gellio
330 3584 430 3672 ipsius
461 3583 523 3649 Gai
554 3583 651 3649 verba
680 3579 823 3647 afferenti
853 3579 947 3646 fidem
977 3580 1131 3666 denegare
1162 3581 1246 3645 licet
1264 3603 1365 3664 neque

193 3693 363 3757 Plutarcho
379 3690 586 3757 diffidendum
609 3699 660 3756 est
675 3690 790 3755 dicenti
812 3689 896 3776 apud
915 3710 1061 3755 censores
1085 3688 1169 3753 illam
1193 3689 1363 3752 orationem

193 3800 332 3865 habitam
356 3823 435 3865 esse.
473 3800 557 3865 Nam
580 3799 692 3864 Cicero
717 3821 840 3884 quoque
865 3797 954 3861 Orat.
980 3799 1030 3875 70,
1054 3800 1117 3861 233
1142 3795 1257 3860 Gaium
1280 3788 1364 3876 apud

305 4053 314 4081 ¹
335 4051 378 4106 cf.
398 4050 414 4103 l.
434 4050 451 4105 l.
471 4053 486 4119 ξ
505 4051 533 4103 3:
555 4049 709 4104 ‘biennium
730 4047 770 4100 fui
789 4047 816 4100 in
835 4046 993 4117 provincia'.

302 4141 312 4170 ²
331 4140 361 4194 L.
382 4140 398 4194 l.
419 4158 445 4210 p.
466 4141 507 4193 32.
