3086 4732
708 257 920 354 ,4-2-

228 450 369 534 equitum
391 449 596 535 peditumque
619 450 812 514 tumultuosa
836 452 934 535 magis
963 451 1082 536 proelia
1110 473 1204 535 quam
1227 472 1339 534 magna
1368 458 1401 514 et

227 555 326 620 ferme
350 559 456 620 omnia
478 557 630 621 Romanis
654 556 793 621 secunda
815 550 922 622 fuera'

335 661 483 748 Sequitur
506 663 593 728 locus
616 664 669 748 qui
693 672 743 728 est
764 666 796 727 in
821 666 905 729 vitae
922 664 1053 729 Catonis
1077 665 1203 730 maioris
1219 687 1246 729 c.
1264 667 1314 743 17,
1337 687 1400 749 quo

227 769 414 836 Plutarchus
440 770 474 836 L.
520 771 661 848 Quinctii
686 771 855 834 Flaminini
882 771 960 836 facit
982 772 1181 836 mentionem.
1220 771 1257 836 L.
1279 771 1400 848 Quinc-

227 877 290 940 tius
314 877 397 942 enim
425 900 444 942 a
467 877 588 942 Catone
616 885 727 942 senatu
755 887 858 942 motus
882 886 944 958 est,
969 881 1042 964 quia
1069 881 1101 942 in
1124 880 1212 964 pueri
1237 877 1398 942 cuiusdam

228 985 370 1068 gratiam,
393 1006 485 1069 quem
503 1007 559 1070 pro
575 993 680 1049 scorto
701 1007 808 1049 secum
823 985 967 1066 habebat,
990 1009 1087 1050 unum
1102 985 1142 1050 de
1161 986 1200 1048 iis
1217 986 1271 1070 qui
1286 985 1398 1071 capitis

228 1099 317 1155 erant
339 1089 478 1156 damnati
502 1094 602 1156 securi
619 1093 739 1178 percuti
755 1093 973 1180 imperaverat.
1011 1093 1208 1172 Plutarchus,
1232 1101 1400 1178 postquam

227 1197 304 1262 haec
327 1199 474 1279 narravit,
504 1199 550 1263 sic
573 1201 692 1285 pergit:
723 1199 753 1268 oi
777 1202 837 1286 μὲν
862 1193 917 1269 οὖν
941 1204 1093 1269 πλεῖστοι
1115 1203 1214 1267 ταῦτα
1237 1198 1399 1289 ἱστοροῦσι

227 1305 284 1372 καὶ
308 1302 383 1394 ὅγε
407 1306 553 1396 Κικέρων
583 1359 719 1374 .....
749 1302 766 1374 ὁ
790 1309 826 1374 δὲ
850 1307 973 1394 Λίβιος
1000 1303 1180 1393 αὐτόμολον
1207 1302 1292 1374 εἷναί
1319 1331 1399 1398 φησι

227 1410 376 1504 Γαλάτην
391 1413 446 1481 τὸν
462 1409 684 1501 ἀναιρεθέντα,
707 1412 761 1482 τὸν
777 1416 812 1482 δὲ
827 1413 970 1484 Λεύκιον
989 1408 1025 1483 oi·
1042 1411 1084 1482 δι’
1101 1411 1261 1507 ὑπηρέτου
1276 1421 1398 1482 κτεῖναι

227 1516 281 1586 τὸν
304 1511 496 1608 άνθρωντον,
527 1514 597 1587 άλλ)
627 1516 725 1589 αὐτὸν
756 1520 825 1610 ἰδίᾳ
852 1548 936 1610 χειρι
964 1549 1021 1590 και
1047 1549 1151 1590 ταυτα
1180 1548 1214 1588 εν
1244 1519 1397 1610 τῷλόγῳ

226 1623 411 1716 γεγράφθαι
434 1624 596 1708 Κάτωνος.
635 1627 756 1692 Eadem
780 1651 830 1692 res
855 1629 886 1692 in
909 1628 946 1692 Τ.
962 1628 1104 1706 Quinctii
1121 1628 1290 1692 Flaminini
1313 1629 1397 1693 vitae

227 1754 253 1796 c.
272 1735 312 1797 18
340 1735 386 1797 sic
409 1742 566 1799 narratur:
603 1731 796 1826 Οὐαλλέριος
825 1737 862 1803 δὲ
884 1728 1014 1816 >Αντιάς
1036 1731 1094 1803 οὐκ
1117 1736 1268 1825 ἐρωμένῳ
1291 1734 1397 1826 φησίν,

226 1831 295 1906 ἀλλ’
327 1841 470 1932 ἐρωμένῃ
497 1848 591 1910 τοῦτο
618 1841 819 1932 χαρίσασθαι
849 1843 903 1912 τὸν
930 1841 1082 1912 Λεύκιον.
1114 1838 1131 1910 ὁ
1159 1844 1195 1910 δὲ
1219 1842 1341 1929 Λίβιος
1364 1844 1399 1909 ἐν

226 1944 309 2036 λόγῳ
331 1945 486 2029 Κάτωνος
508 1942 604 2018 αὐτοῦ
632 1947 818 2040 γεγράφθαι
847 1951 945 2043 φησὶν
974 1945 1018 2030 ως
1041 1948 1190 2043 Γαλάτην
1218 1945 1398 2035 αὐτόμολον

227 2052 366 2122 ἐλθόντα
388 2056 472 2141 μετὰ
495 2059 627 2123 παίδων
657 2058 714 2125 καὶ
743 2055 893 2144 γυναικὸς
923 2058 985 2124 ἐπὶ
1012 2055 1070 2137 τάς
1096 2055 1202 2146 θύρας
1229 2055 1398 2141 δεξάμενος

226 2159 272 2240 εἷς
293 2161 331 2230 τὸ
355 2161 539 2247 συμπόσιον
562 2159 580 2231 ὁ
603 2161 746 2243 Λεύκιος
769 2159 956 2232 ἀπέκτεινεν
984 2163 1053 2254 idr'qr
1075 2165 1154 2253 χειρὶ
1177 2169 1224 2252 aqi
1247 2163 1397 2252 ἐρωμένῳ

225 2265 444 2354 χαριζόμενος.
498 2268 595 2355 Apud
626 2270 753 2334 Livium
776 2270 938 2334 XXXIX
961 2274 1013 2350 42,
1038 2273 1056 2333 6
1088 2270 1219 2336 Catonis
1246 2270 1397 2334 orationis

226 2373 272 2436 sic
296 2376 413 2438 mentio
436 2375 589 2441 iniicitur:
609 2373 756 2441 ‘Catonis
780 2384 812 2441 et
834 2377 913 2442 aliae
936 2377 1063 2462 quidem
1086 2377 1216 2442 acerbae
1240 2377 1397 2441 orationes

226 2489 360 2561 exstant,
462 2483 555 2568 longe
577 2484 763 2569 gravissima
786 2485 818 2548 in
834 2484 871 2548 L.
883 2485 1069 2562 Quinctium
1092 2484 1193 2548 oratio
1216 2477 1283 2549 est'
1323 2484 1398 2561 Qua

226 2609 265 2651 ex
289 2589 429 2654 oratione
453 2590 580 2672 Livius,
602 2599 770 2677 postquam
793 2592 978 2670 Quinctium
1008 2592 1062 2655 illo
1086 2613 1183 2678 puero
1212 2613 1269 2677 pro
1292 2598 1396 2655 scorto

226 2718 317 2760 usum
340 2720 411 2762 esse
434 2698 563 2779 rettulit,
586 2698 663 2763 haec
686 2698 829 2784 adiungit
852 2700 957 2779 verba,
980 2698 1020 2763 ad
1044 2720 1124 2784 quae
1142 2698 1303 2762 Plutarchi
1326 2719 1396 2761 nar-

225 2805 305 2868 ratio
329 2806 472 2891 respicit:
495 2800 590 2869 ‘forte
616 2806 816 2892 epulantibus
840 2806 888 2885 iis,
911 2828 982 2871 cum
1006 2806 1068 2869 iam
1087 2807 1162 2870 vino
1184 2805 1393 2883 incaluissent,

226 2912 403 2976 nuntiatum
432 2913 464 2976 in
494 2914 642 2978 convivio
672 2935 742 2976 esse
772 2913 910 2977 nobilem
933 2913 1036 2976 Boum
1063 2935 1136 2977 cum
1165 2911 1271 2976 liberis
1295 2920 1395 2976 trans-

224 3019 331 3103 fugam
354 3022 496 3101 venisse3
520 3021 688 3084 convenire
711 3020 871 3084 consulem
895 3020 986 3100 velle,
1009 3027 1044 3084 ut
1066 3019 1106 3084 ab
1129 3041 1167 3084 eo
1190 3019 1283 3083 fidem
1307 3041 1396 3104 prae-

226 3149 298 3190 sens
330 3129 495 3214 acciperet
527 3127 741 3192 introductum
773 3128 805 3191 in
838 3127 1073 3192 tabernaculum
1105 3149 1162 3212 per
1193 3127 1395 3212 interpretem

225 3233 352 3318 adloqui
388 3235 549 3298 consulem
584 3236 736 3321 coepisse.
777 3235 858 3298 inter
892 3235 981 3298 cuins
1016 3256 1192 3298 sermonem
1226 3233 1403 3312 Quinctius·

226 3351 330 3405 scorto
351 3336 414 3405 ‘vis
438 3337 490 3419 tu,‘
516 3342 631 3426 inquit,
658 3335 818 3425 ‘quoniam
846 3339 1065 3425 gladiatorium
1089 3341 1301 3426 spectaculum
1324 3339 1396 3403 reli-

225 3448 330 3534 quisti,
353 3448 414 3512 iam
438 3447 522 3511 hunc
545 3447 672 3512 Gallum
696 3448 879 3511 morientem
897 3443 1040 3512 videre‘l'
1064 3456 1189 3512 etcum
1212 3448 1240 3511 is
1264 3446 1395 3512 vixdum

225 3556 400 3638 adnuisset,
430 3555 470 3621 ad
501 3565 611 3619 nutum
641 3555 736 3619 scorti
760 3555 919 3619 consulem
943 3557 1052 3619 stricto
1074 3553 1194 3640 gladio,
1224 3555 1275 3640 qui
1301 3576 1397 3640 snper

225 3673 320 3750 caput
335 3663 503 3750 pendebat,
526 3662 667 3748 loquenti
684 3661 778 3727 Gallo
794 3669 890 3749 capnt
904 3663 1039 3748 primum
1055 3663 1258 3747 percussisse,
1280 3660 1395 3725 deinde

225 3770 359 3856 fugienti
382 3770 538 3857 fidemque
562 3770 671 3857 populi
695 3769 831 3834 Romani
854 3777 947 3854 atque
972 3791 1080 3832 eorum
1107 3769 1160 3854 qui
1184 3768 1315 3833 aderant
1337 3768 1396 3834 im·

224 3878 361 3964 ploranti
384 3878 465 3942 latus
490 3873 716 3942 transfodisse.J
762 3877 951 3942 Plutarchus
974 3884 1089 3956 autem,
1111 3878 1294 3962 priusquam
1309 3875 1395 3941 Livii

225 3985 437 4050 testimoninm
461 3985 575 4064 attulit,
598 3993 696 4049 totam
719 3986 780 4048 iam
804 4007 870 4048 rem
893 3983 1033 4047 narravit
1055 3983 1115 4047 hoc
1137 3990 1258 4047 tantum
1277 3983 1317 4047 ab
1339 3982 1395 4045 illo

223 4090 373 4157 differens
403 4091 488 4177 quod
519 4115 579 4156 non
604 4091 799 4175 transfugam
827 4090 968 4171 Gallum,
998 4089 1054 4154 sed
1085 4113 1181 4158 unum
1211 4089 1251 4155 de
1278 4089 1317 4154 iis
1340 4090 1395 4174 qui
