3086 4732
797 297 838 361 52

230 498 354 578 praeter
388 491 590 556 Plutarchum
629 492 816 578 scriptorum
855 488 1004 556 memoria
1036 490 1183 556 discessit
1194 495 1213 556 ¹.
1267 490 1402 556 Minima

231 607 305 663 sunt
326 599 441 686 quibus
464 598 624 664 Plutarchi
644 607 677 663 et
691 599 840 684 Dionysii
863 598 1057 666 narrationes
1081 600 1163 663 inter
1185 620 1219 663 se
1243 597 1401 678 differunt,

229 707 450 792 gravissimum
472 705 506 770 id
521 705 606 792 quod
621 705 795 792 Dionysius
819 729 913 792 quem
929 706 1047 770 exitum
1064 705 1242 792 prodigium
1257 704 1403 769 habuerit

229 812 328 894 addit,
350 812 539 878 Plutarchus
562 814 689 893 omittit,
718 815 866 898 quoniam
890 836 954 877 non
976 834 1057 899 opus
1080 820 1147 876 erut
1169 811 1211 876 ad
1232 811 1402 876 ostenden-

230 919 302 984 dum
325 920 540 984 Romanorum
562 919 729 985 fortunam.

336 1027 418 1091 Tum
441 1027 592 1095 Valerius
615 1028 794 1091 nomiuatur
816 1026 848 1090 in
872 1026 957 1091 vitae
979 1025 1107 1090 Romuli
1130 1048 1157 1091 o.
1175 1029 1226 1106 14,
1248 1025 1303 1090 ubi
1326 1025 1401 1090 Plu-

229 1133 357 1198 tarchus
380 1135 420 1199 ab
443 1134 512 1198 aliis
535 1135 687 1199 minorem
704 1133 890 1199 Sabinarum
906 1140 1068 1220 captarum
1091 1154 1254 1198 numerum
1269 1132 1401 1198 indicari

228 1263 358 1306 narrans
387 1241 442 1305 illo
471 1249 599 1306 auctore
629 1242 817 1327 quingentas
845 1241 957 1326 viginti
985 1247 1106 1326 septem
1129 1239 1268 1326 virgines
1295 1247 1401 1327 ruptas

229 1371 298 1412 esse
322 1347 432 1429 tradit;
456 1349 523 1413 veri
546 1357 652 1413 autem
674 1371 737 1412 non
761 1357 811 1413 est
832 1347 985 1413 dissimile
1008 1346 1174 1415 Valerium
1198 1369 1270 1412 cum
1292 1368 1402 1412 nume·

228 1478 296 1518 rum
320 1478 378 1520 suo
401 1462 510 1520 more²
532 1455 700 1520 immodice
723 1457 858 1520 auxisse.

335 1562 461 1628 Deinde
495 1563 528 1626 in
563 1563 647 1627 vitae
680 1562 805 1627 Numae
839 1585 866 1627 c.
889 1565 930 1626 22
966 1561 1155 1627 Plutarchus
1188 1561 1274 1627 aliud
1309 1561 1402 1626 affert

228 1669 358 1737 Valerii'
375 1669 606 1735 testimonium:
642 1668 671 1737 οἱ
696 1671 732 1738 δὲ
754 1669 836 1760 περὶ
857 1661 983 1736 ’Λντίαν
1007 1668 1168 1758 ἱστοροῦσι
1192 1667 1320 1737 δώδεκα
1342 1670 1401 1756 μὲν

228 1772 312 1844 εἶναι
335 1776 468 1864 βίβλους
492 1775 730 1868 ίεροφαντικοίς,
760 1774 889 1844 δώδεκα
918 1777 954 1844 δὲ
976 1770 1078 1857 ὅίλλας
1098 1770 1282 1869 Ἑλληνικὰς
1304 1779 1400 1868 φιλο-

228 1882 351 1975 σόφους
372 1884 431 1966 τὰς
453 1883 500 1966 είς
522 1881 580 1975 τὴν
603 1881 699 1973 σορὸν
722 1882 935 1965 συντεθείσας.
984 1882 1075 1948 Haec
1099 1882 1196 1949 verba
1222 1905 1256 1947 re
1283 1905 1360 1949 vera
1383 1906 1401 1948 c

227 1990 360 2058 Valerio
384 1999 510 2077 sumpta
533 2012 603 2056 esse
626 1990 748 2056 Plinius
771 1989 874 2071 docet,
896 1992 951 2076 qni
973 1989 1047 2054 Nat.
1063 1989 1134 2056 hist.
1150 1989 1241 2053 XIII
1257 1993 1298 2055 87
1322 1989 1402 2056 haec

227 2098 338 2162 refert:
368 2095 497 2162 ‘Antias
526 2097 665 2162 secundo
692 2097 789 2162 libros
818 2097 918 2162 fuisse
941 2096 1014 2160 XII
1043 2097 1237 2183 pontificales
1267 2097 1402 2162 Ictinos

227 2204 358 2268 totidem
395 2204 535 2269 Graecos
573 2213 742 2290 praecepta
778 2203 997 2290 philosophiae
1031 2199 1248 2268 continentes?
1307 2203 1401 2269 Idem

227 2311 360 2378 Valerio
383 2333 532 2397 expresse
558 2311 670 2375 tribuit
697 2333 836 2396 eaquae
859 2310 1048 2376 Plutarchus
1078 2311 1172 2397 paulo
1195 2319 1269 2398 post
1291 2309 1400 2377 affert:

226 2417 443 2504 κομισθείσας
465 2417 513 2499 είς
535 2415 571 2486 τὸ
591 2416 751 2504 Κομίτιον
773 2417 831 2498 τὰς
853 2417 985 2505 βίβλους
1006 2423 1220 2509 κατακαῆναι,
1243 2440 1315 2482 cum
1337 2418 1357 2483 l.
1380 2418 1401 2483 l.

227 2527 273 2589 sio
295 2534 421 2611 pergat:
449 2519 547 2589 ‘idem
570 2524 741 2609 (Valerius)
770 2524 864 2589 tertio
888 2532 920 2589 et
943 2523 975 2590 S.
999 2524 1036 2589 C.
1058 2525 1149 2610 ponit
1171 2547 1234 2610 quo
1257 2524 1400 2590 comburi

227 2655 281 2697 eos
298 2632 415 2716 (libros)
439 2627 609 2719 placuerit.³
657 2631 845 2696 Plutarchus
868 2631 965 2717 igitur
979 2653 1049 2695 cum
1066 2631 1190 2699 Valerii
1208 2635 1400 2713 memoriam,

226 2749 377 2825 quantum
406 2739 534 2824 quidem
564 2761 582 2803 e
605 2739 709 2804 Plinio
732 2739 955 2825 comperimus,
984 2760 1093 2825 presse
1123 2747 1286 2824 sequatur,
1313 2738 1398 2826 apud

225 2847 313 2911 illum
336 2847 439 2933 ipsum
464 2869 533 2910 eam
557 2844 683 2911 videtur
704 2846 873 2910 invenisse.

331 2954 498 3018 Postremo
521 2953 553 3015 in
578 2954 662 3017 vitae
680 2951 849 3016 Flaminini
873 2974 900 3016 c.
914 2955 955 3016 18
979 2950 1019 3016 de
1042 2951 1161 3038 flagitio
1176 2952 1269 3016 Lucii
1290 2951 1396 3016 fratris

225 3062 292 3126 eius
327 3060 452 3127 Valerii
485 3059 667 3124 testimonio
706 3058 821 3124 utitur:
879 3051 1073 3148 Οὐαλλέριος
1112 3061 1149 3128 δὲ
1181 3052 1306 3140 Ἀντίας
1340 3051 1399 3126 οὖν

225 3168 373 3257 ἐρωμένῳ
396 3165 507 3258 φησίν,
538 3161 609 3233 ἀλλ’
640 3167 781 3256 ἐρωμένῃ
811 3172 906 3234 τοῦτο
935 3164 1137 3256 χαρίσασθαι
1164 3166 1218 3235 τὸν
1245 3164 1399 3236 Λεύκιον.

224 3273 330 3350 Quam
361 3273 484 3340 Valerii
513 3274 694 3337 memoriam
724 3272 828 3336 fusius
858 3273 904 3336 sio
934 3273 1064 3358 exponit
1092 3273 1205 3340 Livius
1235 3271 1399 3338 XXXIX

224 3383 309 3460 43,2
327 3401 409 3463 sqq.:
433 3372 625 3442 ‘Placentiae
648 3379 800 3442 famosam
820 3377 991 3459 mulierem,
1014 3381 1102 3444 cuius
1118 3402 1223 3445 amore
1238 3379 1400 3467 deperiret

224 3487 374 3571 (Lucius),
401 3485 435 3547 in
457 3484 640 3549 convivium
663 3484 846 3549 accersitam
871 3485 980 3557 scribit
1003 3485 1164 3570 (Valerius
1186 3488 1324 3571 Antius).
1352 3487 1398 3552 ibi

224 3596 392 3658 iactantem
416 3613 485 3654 sese
509 3599 614 3655 scorto
636 3593 719 3655 inter
741 3599 843 3656 cetera
867 3592 1026 3657 rettulisse
1049 3614 1143 3679 quam
1165 3595 1279 3660 acriter
1301 3616 1399 3680 quae·

224 3701 342 3764 stiones
367 3697 559 3762 exercuisset
581 3705 614 3762 et
637 3720 731 3784 qnam
749 3699 864 3764 multos
887 3700 1000 3785 capitis
1016 3699 1180 3766 damnatos
1203 3702 1237 3764 in
1260 3700 1397 3768 vinculis

331 3876 403 3930 10f.
423 3875 481 3930 Liv.
501 3875 516 3928 I
536 3875 579 3942 39,
599 3878 613 3928 1
634 3891 692 3946 sqq.
718 3876 774 3930 Oic.
794 3875 829 3930 de
847 3875 932 3931 divin.
951 3877 966 3930 I
986 3879 1029 3945 53,
1049 3879 1098 3932 121
1126 3878 1240 3951 aliique,
1265 3878 1295 3934 id
1320 3877 1396 3951 quod

224 3965 345 4024 ostendit
364 3965 446 4019 Peter
464 3963 482 4018 1.
497 3963 514 4017 l.
534 3981 560 4034 p.
581 3964 640 4018 243.

331 4054 404 4108 ²01.
422 4053 482 4108 Liv.
502 4052 639 4106 XXXIII
663 4054 705 4120 10,
724 4054 753 4106 8:
778 4054 813 4107 ‘si
832 4054 945 4109 Vulerio
967 4056 1015 4125 qui
1038 4056 1133 4110 credat
1154 4058 1279 4112 omnium
1303 4074 1394 4112 rerum

222 4144 367 4201 immodice
385 4158 531 4195 numerum
549 4143 677 4211 augenti?
