3086 4732
737 301 779 362 43

169 493 282 578 capitis
317 492 455 558 damnati
492 501 599 559 essent
632 499 778 558 necatum
814 515 884 558 esse
918 493 1028 574 tradit,
1061 517 1164 580 neque
1198 495 1238 560 ab
1273 495 1343 581 ipso

168 600 362 681 Flaminino,
391 600 448 665 sed
475 602 565 665 iussu
592 602 669 665 eius.
721 600 833 686 Itaque
856 600 1060 665 Plutarchum
1082 601 1143 665 hoc
1165 601 1234 665 loco
1258 601 1344 666 Livii

169 707 387 772 auctoritatem
418 730 487 772 eam
517 715 637 772 tantum
670 706 710 771 ob
741 729 806 772 rem
834 706 984 772 adhibere
1012 708 1212 794 perspicuum
1236 716 1286 773 est
1308 717 1344 772 ut

168 837 249 900 quae
272 815 325 879 ille
348 815 495 879 acetaria
519 813 724 900 scriptoribus
748 813 938 878 dissentiens
961 824 1067 880 narret
1089 815 1249 899 adiungat.
1283 815 1344 878 At-

168 944 231 1007 que
257 921 309 986 hio
341 921 467 1007 quidem
500 929 643 986 accurate
676 921 803 986 Livium
834 929 960 986 secutus
993 929 1050 986 est.
1105 921 1229 987 Eodem
1260 923 1365 987 enim·

167 1028 264 1093 modo
293 1036 387 1114 utrque
417 1029 468 1092 hic
500 1029 533 1092 in
566 1028 697 1093 Catonis
729 1028 862 1114 quadam
895 1029 1035 1093 oratione
1065 1029 1143 1093 illud
1173 1030 1343 1094 Flaminini

167 1135 291 1200 facinus
307 1136 458 1222 scriptum
474 1136 607 1200 inveniri
631 1134 749 1200 diserte
765 1134 855 1215 dicit;
880 1143 1041 1222 praeterea
1060 1133 1251 1201 ‘nuntiatum
1271 1160 1343 1202 esse

168 1242 306 1308 nobilem
329 1243 432 1307 Boum
461 1265 532 1306 cum
559 1242 667 1308 liberis
691 1242 885 1328 transfugam
910 1243 1034 1308 venisse
1040 1268 1049 1324 ;
1077 1244 1245 1308 convenire
1268 1266 1343 1308 con-

167 1350 269 1414 sulem
299 1345 391 1416 velle'
423 1350 463 1415 ad
494 1350 627 1416 verbum
658 1373 757 1436 paene
787 1350 948 1414 transtulit
978 1351 1117 1415 scribens
1146 1351 1274 1443 (φησίν)
1299 1345 1343 1432 ὡς

167 1449 318 1550 Γαλάτην
350 1450 529 1543 αὐτόμολον
562 1456 701 1525 ἐλθόντα
733 1457 817 1543 μετὰ
850 1456 982 1525 παίδων
1014 1458 1070 1526 καί
1102 1455 1251 1545 γυναικὸς
1283 1458 1343 1525 ἐπὶ

166 1562 227 1646 τὰς
249 1561 355 1653 θήρας
377 1567 449 1648 (τοῖ’
476 1558 717 1646 ὑπατεύοντος).
770 1565 852 1629 Nam
883 1564 968 1650 quod
996 1588 1015 1629 a
1037 1565 1132 1630 Livio
1160 1564 1342 1652 discrepans

167 1670 333 1758 perfugam
356 1673 450 1736 etiam
474 1693 543 1735 cum
572 1694 670 1735 uxore
699 1672 825 1736 venisse
854 1671 944 1752 dicit,
971 1672 1086 1736 nullius
1111 1680 1160 1736 est
1182 1673 1342 1752 momenti,

167 1781 314 1864 quoniam
343 1801 414 1842 cum
442 1778 549 1842 liberis
573 1778 734 1843 mulierem
762 1777 901 1843 adfuisse
924 1787 1169 1843 consentaneum
1197 1786 1264 1843 erat
1288 1782 1342 1860 (ita

166 1885 252 1950 enim
275 1885 306 1949 in
330 1884 612 1971 supplicationibus
635 1885 701 1948 fieri
726 1884 857 1965 solebat)
863 1909 872 1964 3
895 1907 997 1969 neque
1020 1887 1119 1968 magis
1142 1885 1202 1948 hoc
1225 1883 1341 1949 addere

166 2015 261 2078 quam
291 1993 323 2056 in
352 1995 436 2057 vitae
465 1992 596 2057 Catonis
627 1992 753 2055 maioris
783 2013 809 2056 o.
835 1994 874 2055 17
906 1990 1022 2056 liberos
1046 1993 1173 2055 omuino
1196 1992 1341 2055 omittere

166 2099 311 2184 religioni
333 2099 452 2164 habuit.
497 2099 609 2184 Neque
633 2100 735 2162 minus
755 2096 925 2185 δεξάμενος
948 2095 1126 2180 ὃΛεύκιος
1140 2097 1187 2180 εἷς
1210 2096 1340 2184 συμπό-

168 2232 237 2274 σιον
259 2205 431 2292 respondet
445 2207 531 2269 Livii
550 2206 655 2270 verbis
678 2200 904 2270 ‘introductum
927 2207 959 2269 in
982 2201 1244 2286 tabernaculum';
1268 2228 1341 2270 nam

166 2335 234 2377 rem
256 2314 372 2378 factam
395 2336 465 2378 esse
489 2312 564 2377 dum
588 2313 620 2376 in
648 2313 851 2378 tabernaculo
875 2315 1041 2400 epulantur
1064 2337 1103 2378 ex
1126 2313 1212 2378 Livii
1236 2336 1341 2378 narra-

166 2420 253 2484 tione
270 2428 409 2506 apparet.
447 2420 486 2483 In
510 2420 559 2484 his
582 2421 678 2505 igitur
701 2420 846 2485 omnibus
862 2429 927 2485 tam
944 2444 1052 2507 presse
1067 2422 1195 2486 Livium
1212 2429 1340 2486 secutus

167 2535 275 2592 estut
298 2527 365 2591 eius
389 2528 486 2592 verba
509 2549 571 2590 non
595 2527 696 2591 solum
724 2536 808 2591 recte
832 2528 1039 2609 intellexisse,
1067 2527 1123 2592 sed
1154 2531 1248 2594 etiam
1271 2529 1341 2614 ipsa

166 2641 240 2698 ante
264 2634 372 2699 oculos
395 2633 543 2698 habuisse
567 2632 720 2697 videatur.

273 2740 394 2805 Iterum
417 2743 450 2803 in
472 2740 510 2805 T.
522 2740 690 2804 Flaminini
708 2740 792 2804 vitae
815 2762 842 2804 o.
856 2743 896 2804 20
914 2740 1026 2804 Livius
1049 2741 1141 2804 testis
1165 2740 1340 2819 adhibetur,

165 2849 221 2912 ubi
253 2847 456 2928 Plutarchus,
488 2855 654 2933 postquam
685 2847 763 2912 alios
796 2847 886 2911 aliter
917 2846 1040 2911 tradere
1070 2845 1152 2910 dixit
1180 2845 1339 2932 quomodo

166 2954 329 3019 Hannibal
352 2963 485 3020 mortem
509 2953 717 3034 occubuisset,
740 2955 785 3018 sic-
801 2955 921 3040 pergit:
945 2953 1070 3040 Λίβιος
1092 2954 1128 3021 da'
1150 2977 1230 3047 φησι
1254 2944 1340 3043 φάρ-

165 3089 271 3150 μακον
299 3061 412 3146 ἔχοντα
436 3059 569 3151 κεράσαι
594 3062 650 3128 καί
678 3061 736 3152 τήν
764 3059 879 3129 κύλικα
903 3060 1074 3147 δεξάμενον
1096 3060 1217 3129 εἰπεῖν·
1243 3053 1339 3128 (ἀνα-

167 3167 344 3255 παύσωμεν
368 3161 428 3261 ήδη
451 3169 533 3237 ποτὲ
556 3168 614 3258 τήν
634 3168 759 3258 πολλὴν
782 3167 937 3258 φροντίδα
957 3164 1139 3253 Ῥωμαίων,
1164 3166 1199 3235 οἳ
1217 3165 1340 3257 μακρὸν

166 3274 328 3368 ἡγήσαντο
355 3277 410 3344 καί
434 3276 516 3364 βαρὺ
543 3275 740 3362 μισουμένου
762 3275 909 3364 γέροντος
931 3271 1101 3361 ἀναμεῖναι
1124 3273 1277 3344 θάνατον.
1302 3271 1339 3343 οὗ

166 3385 230 3474 μὴν
246 3379 320 3452 οὐδὲ
340 3383 435 3464 Τίτος
458 3377 668 3475 ἀξιοζήλωτον
692 3378 868 3452 ἀποίσεται
892 3381 984 3476 νίκην
999 3376 1075 3451 οὐδὲ
1095 3385 1157 3450 τῶν
1172 3382 1340 3473 προγόνων

168 3487 275 3576 ἀξίαν,
315 3490 351 3559 οἳ
382 3489 503 3579 Πύρρῳ
543 3493 739 3576 πολεμοῦντι
777 3491 834 3558 καὶ
868 3495 1035 3579 κρατοῦντι
1072 3487 1129 3576 τήν
1162 3489 1340 3575 μέλλουσαν

168 3595 432 3687 ὑποπέμψαντες
454 3593 675 3686 κατεμήνυσαν
697 3593 922 3686 φαρμακείανῖ
970 3595 1114 3660 Eandem
1137 3617 1203 3658 rem
1226 3594 1339 3658 Livius

168 3704 328 3768 XXXIX
354 3708 405 3784 51,
429 3708 448 3768 8
472 3725 539 3788 sqq.
562 3703 644 3766 hunc
671 3703 703 3766 in
731 3702 859 3766 modum
890 3710 1009 3767 narrat:
1040 3699 1224 3782 ‘venenum,
1254 3700 1339 3787 quod

168 3812 267 3876 multo
290 3822 363 3876 ante
386 3818 605 3896 praeparatum
628 3808 669 3874 ad
691 3808 770 3873 tales
794 3808 931 3874 babebat
953 3831 1055 3889 casus,
1078 3809 1224 3894 poposcit
1239 3809 1340 3893 (Han-

169 3919 272 3999 nibal).
298 3913 499 3997 ‘liberemuS,'
532 3918 647 4002 inquit,
676 3911 836 3981 ‘diuturna
865 3939 940 3980 cura
969 3916 1120 4002 populum
1152 3917 1339 4000 Romanum,

168 4024 294 4110 quando
317 4033 449 4089 mortem
479 4024 563 4088 senis
592 4033 757 4110 expectare
787 4025 915 4108 longum
942 4032 1081 4088 censent.
1110 4047 1168 4089 nec
1195 4046 1340 4109 magnam

168 4155 227 4199 nec
257 4133 490 4197 memorabilem
523 4153 563 4196 ex
592 4131 703 4195 inermi
734 4131 923 4219 proditoque
953 4131 1147 4196 Flamininus
1175 4132 1339 4198 victoriam
