<?xml version="1.0" encoding="UTF-8"?>
<!DOCTYPE html PUBLIC "-//W3C//DTD XHTML 1.0 Transitional//EN"
    "http://www.w3.org/TR/xhtml1/DTD/xhtml1-transitional.dtd">
<html xmlns="http://www.w3.org/1999/xhtml" xml:lang="en" lang="en">
 <head>
  <title>
</title>
<meta http-equiv="Content-Type" content="text/html;charset=utf-8" />
  <meta name='ocr-system' content='tesseract 3.04.00' />
  <meta name='ocr-capabilities' content='ocr_page ocr_carea ocr_par ocr_line ocrx_word'/>
</head>
<body>
  <div class='ocr_page' id='page_1' title='image "./descriptorumlat00vorngoog_0012.png"; bbox 0 0 3086 4732; ppageno 0'>
   <div class='ocr_carea' id='block_1_1' title="bbox 757 283 775 342">
    <p class='ocr_par' dir='ltr' id='par_1_1' title="bbox 757 283 775 342">
     <span class='ocr_line' id='line_1_1' title="bbox 757 283 775 342; baseline 0 0"><span class='ocrx_word' id='word_1_1' title='bbox 757 283 775 342; x_wconf 82' lang='lat'>7</span> 
     </span>
    </p>
   </div>
   <div class='ocr_carea' id='block_1_2' title="bbox 176 474 1420 3982">
    <p class='ocr_par' dir='ltr' id='par_1_2' title="bbox 176 474 1420 3982">
     <span class='ocr_line' id='line_1_2' title="bbox 176 474 1349 562; baseline -0.002 -22"><span class='ocrx_word' id='word_1_2' title='bbox 176 478 360 544; x_wconf 87' lang='lat' dir='ltr'><strong>collaturum</strong></span> <span class='ocrx_word' id='word_1_3' title='bbox 385 499 455 542; x_wconf 86' lang='lat' dir='ltr'><strong>esse</strong></span> <span class='ocrx_word' id='word_1_4' title='bbox 480 485 565 562; x_wconf 93' lang='lat' dir='ltr'><strong>puto,</strong></span> <span class='ocrx_word' id='word_1_5' title='bbox 590 477 616 538; x_wconf 88' lang='lat' dir='ltr'><strong>si</strong></span> <span class='ocrx_word' id='word_1_6' title='bbox 641 476 674 538; x_wconf 94' lang='lat' dir='ltr'><strong>iu·</strong></span> <span class='ocrx_word' id='word_1_7' title='bbox 697 499 751 540; x_wconf 89' lang='lat' dir='ltr'><strong>eos</strong></span> <span class='ocrx_word' id='word_1_8' title='bbox 775 476 861 539; x_wconf 91' lang='lat' dir='ltr'><strong>locos</strong></span> <span class='ocrx_word' id='word_1_9' title='bbox 881 475 995 560; x_wconf 87' lang='lat' dir='ltr'><strong>quihus</strong></span> <span class='ocrx_word' id='word_1_10' title='bbox 1012 475 1201 539; x_wconf 78' lang='lat' dir='ltr'>Plutarchus</span> <span class='ocrx_word' id='word_1_11' title='bbox 1217 474 1349 538; x_wconf 90' lang='lat' dir='ltr'><strong>Latinos</strong></span> 
     </span>
     <span class='ocr_line' id='line_1_3' title="bbox 177 579 1351 670; baseline -0.003 -23"><span class='ocrx_word' id='word_1_12' title='bbox 177 584 268 648; x_wconf 81' lang='lat' dir='ltr'><strong>affert</strong></span> <span class='ocrx_word' id='word_1_13' title='bbox 291 585 461 670; x_wconf 80' lang='lat' dir='ltr'><strong>scriptores</strong></span> <span class='ocrx_word' id='word_1_14' title='bbox 481 585 525 646; x_wconf 84' lang='lat' dir='ltr'><strong>ita</strong></span> <span class='ocrx_word' id='word_1_15' title='bbox 548 583 700 666; x_wconf 81' lang='lat' dir='ltr'><strong>inquiram</strong></span> <span class='ocrx_word' id='word_1_16' title='bbox 718 591 753 644; x_wconf 91' lang='lat' dir='ltr'><strong>ut</strong></span> <span class='ocrx_word' id='word_1_17' title='bbox 768 592 975 666; x_wconf 79' lang='lat' dir='ltr'><strong>cognoscatur</strong></span> <span class='ocrx_word' id='word_1_18' title='bbox 990 579 1064 644; x_wconf 85' lang='lat' dir='ltr'><strong>nuni</strong></span> <span class='ocrx_word' id='word_1_19' title='bbox 1081 584 1149 667; x_wconf 89' lang='lat' dir='ltr'><strong>ipse</strong></span> <span class='ocrx_word' id='word_1_20' title='bbox 1165 604 1220 645; x_wconf 88' lang='lat' dir='ltr'><strong>eos</strong></span> <span class='ocrx_word' id='word_1_21' title='bbox 1240 582 1351 664; x_wconf 84' lang='lat' dir='ltr'><strong>legerit</strong></span> 
     </span>
     <span class='ocr_line' id='line_1_4' title="bbox 176 687 1351 776; baseline -0.003 -22"><span class='ocrx_word' id='word_1_22' title='bbox 176 699 322 776; x_wconf 90' lang='lat' dir='ltr'><strong>recteque</strong></span> <span class='ocrx_word' id='word_1_23' title='bbox 347 691 544 754; x_wconf 81' lang='lat' dir='ltr'><strong>intellexerit.</strong></span> <span class='ocrx_word' id='word_1_24' title='bbox 591 689 651 753; x_wconf 86' lang='lat' dir='ltr'><strong>Cui</strong></span> <span class='ocrx_word' id='word_1_25' title='bbox 675 691 851 774; x_wconf 87' lang='lat' dir='ltr'><strong>quaestioni</strong></span> <span class='ocrx_word' id='word_1_26' title='bbox 876 687 1091 774; x_wconf 89' lang='lat' dir='ltr'><strong>expediendae</strong></span> <span class='ocrx_word' id='word_1_27' title='bbox 1115 688 1188 752; x_wconf 90' lang='lat' dir='ltr'><strong>inde</strong></span> <span class='ocrx_word' id='word_1_28' title='bbox 1212 687 1351 752; x_wconf 80' lang='lat' dir='ltr'><strong>difficul-</strong></span> 
     </span>
     <span class='ocr_line' id='line_1_5' title="bbox 176 785 1351 882; baseline -0.003 -20"><span class='ocrx_word' id='word_1_29' title='bbox 176 807 257 862; x_wconf 87' lang='lat' dir='ltr'><strong>tates</strong></span> <span class='ocrx_word' id='word_1_30' title='bbox 281 797 454 862; x_wconf 81' lang='lat' dir='ltr'><strong>afferuntur</strong></span> <span class='ocrx_word' id='word_1_31' title='bbox 477 797 563 882; x_wconf 89' lang='lat' dir='ltr'><strong>quod</strong></span> <span class='ocrx_word' id='word_1_32' title='bbox 586 796 754 862; x_wconf 88' lang='lat' dir='ltr'><strong>multorum</strong></span> <span class='ocrx_word' id='word_1_33' title='bbox 779 797 892 882; x_wconf 87' lang='lat' dir='ltr'><strong>quibus</strong></span> <span class='ocrx_word' id='word_1_34' title='bbox 922 798 1020 859; x_wconf 91' lang='lat' dir='ltr'><strong>utitur</strong></span> <span class='ocrx_word' id='word_1_35' title='bbox 1043 785 1229 881; x_wconf 86' lang='lat' dir='ltr'><strong>scriptorum</strong></span> <span class='ocrx_word' id='word_1_36' title='bbox 1255 817 1351 881; x_wconf 86' lang='lat' dir='ltr'><strong>opera</strong></span> 
     </span>
     <span class='ocr_line' id='line_1_6' title="bbox 177 893 1350 990; baseline -0.003 -21"><span class='ocrx_word' id='word_1_37' title='bbox 177 914 231 970; x_wconf 89' lang='lat' dir='ltr'><strong>aut</strong></span> <span class='ocrx_word' id='word_1_38' title='bbox 254 906 380 969; x_wconf 89' lang='lat' dir='ltr'><strong>omnino</strong></span> <span class='ocrx_word' id='word_1_39' title='bbox 411 914 464 968; x_wconf 88' lang='lat' dir='ltr'><strong>aut</strong></span> <span class='ocrx_word' id='word_1_40' title='bbox 495 927 607 988; x_wconf 84' lang='lat' dir='ltr'><strong>magna</strong></span> <span class='ocrx_word' id='word_1_41' title='bbox 638 928 676 967; x_wconf 89' lang='lat' dir='ltr'><strong>ex</strong></span> <span class='ocrx_word' id='word_1_42' title='bbox 704 913 793 990; x_wconf 88' lang='lat' dir='ltr'><strong>parte</strong></span> <span class='ocrx_word' id='word_1_43' title='bbox 822 903 942 967; x_wconf 88' lang='lat' dir='ltr'><strong>invidia</strong></span> <span class='ocrx_word' id='word_1_44' title='bbox 970 893 1146 988; x_wconf 84' lang='lat' dir='ltr'><strong>temporum</strong></span> <span class='ocrx_word' id='word_1_45' title='bbox 1175 904 1350 988; x_wconf 81' lang='lat' dir='ltr'><strong>perieruut3</strong></span> 
     </span>
     <span class='ocr_line' id='line_1_7' title="bbox 177 1009 1351 1096; baseline -0.003 -20"><span class='ocrx_word' id='word_1_46' title='bbox 177 1013 308 1077; x_wconf 91' lang='lat' dir='ltr'><strong>aliorum</strong></span> <span class='ocrx_word' id='word_1_47' title='bbox 338 1013 519 1076; x_wconf 87' lang='lat' dir='ltr'><strong>testimonia</strong></span> <span class='ocrx_word' id='word_1_48' title='bbox 548 1035 627 1096; x_wconf 88' lang='lat' dir='ltr'><strong>quae</strong></span> <span class='ocrx_word' id='word_1_49' title='bbox 659 1011 749 1074; x_wconf 78' lang='lat' dir='ltr'><strong>attbrt</strong></span> <span class='ocrx_word' id='word_1_50' title='bbox 780 1021 844 1074; x_wconf 88' lang='lat' dir='ltr'><strong>tam</strong></span> <span class='ocrx_word' id='word_1_51' title='bbox 875 1013 989 1094; x_wconf 80' lang='lat' dir='ltr'><strong>exigua</strong></span> <span class='ocrx_word' id='word_1_52' title='bbox 1016 1011 1066 1074; x_wconf 90' lang='lat' dir='ltr'><strong>vel</strong></span> <span class='ocrx_word' id='word_1_53' title='bbox 1096 1009 1192 1073; x_wconf 87' lang='lat' dir='ltr'><strong>dubia</strong></span> <span class='ocrx_word' id='word_1_54' title='bbox 1220 1017 1293 1072; x_wconf 90' lang='lat' dir='ltr'><strong>sunt</strong></span> <span class='ocrx_word' id='word_1_55' title='bbox 1316 1017 1351 1072; x_wconf 90' lang='lat' dir='ltr'><strong>ut</strong></span> 
     </span>
     <span class='ocr_line' id='line_1_8' title="bbox 177 1117 1349 1203; baseline -0.003 -20"><span class='ocrx_word' id='word_1_56' title='bbox 177 1126 297 1184; x_wconf 88' lang='lat' dir='ltr'><strong>certum</strong></span> <span class='ocrx_word' id='word_1_57' title='bbox 321 1119 361 1183; x_wconf 92' lang='lat' dir='ltr'><strong>de</strong></span> <span class='ocrx_word' id='word_1_58' title='bbox 385 1119 422 1182; x_wconf 92' lang='lat' dir='ltr'><strong>iis</strong></span> <span class='ocrx_word' id='word_1_59' title='bbox 452 1119 601 1182; x_wconf 87' lang='lat' dir='ltr'><strong>iudicium</strong></span> <span class='ocrx_word' id='word_1_60' title='bbox 632 1119 707 1181; x_wconf 87' lang='lat' dir='ltr'><strong>ferri</strong></span> <span class='ocrx_word' id='word_1_61' title='bbox 736 1139 798 1181; x_wconf 88' lang='lat' dir='ltr'><strong>non</strong></span> <span class='ocrx_word' id='word_1_62' title='bbox 829 1118 939 1203; x_wconf 87' lang='lat' dir='ltr'><strong>possit.</strong></span> <span class='ocrx_word' id='word_1_63' title='bbox 990 1118 1095 1194; x_wconf 77' lang='lat' dir='ltr'><strong>Quam</strong></span> <span class='ocrx_word' id='word_1_64' title='bbox 1125 1117 1166 1180; x_wconf 92' lang='lat' dir='ltr'><strong>ob</strong></span> <span class='ocrx_word' id='word_1_65' title='bbox 1190 1140 1255 1180; x_wconf 90' lang='lat' dir='ltr'><strong>rem</strong></span> <span class='ocrx_word' id='word_1_66' title='bbox 1279 1139 1349 1179; x_wconf 92' lang='lat' dir='ltr'><strong>eum</strong></span> 
     </span>
     <span class='ocr_line' id='line_1_9' title="bbox 178 1223 1350 1312; baseline -0.003 -22"><span class='ocrx_word' id='word_1_67' title='bbox 178 1227 292 1290; x_wconf 89' lang='lat' dir='ltr'><strong>tenebo</strong></span> <span class='ocrx_word' id='word_1_68' title='bbox 316 1225 496 1312; x_wconf 88' lang='lat' dir='ltr'><strong>disputandi</strong></span> <span class='ocrx_word' id='word_1_69' title='bbox 522 1225 663 1289; x_wconf 84' lang='lat' dir='ltr'><strong>ordinem</strong></span> <span class='ocrx_word' id='word_1_70' title='bbox 689 1234 725 1288; x_wconf 88' lang='lat' dir='ltr'><strong>ut</strong></span> <span class='ocrx_word' id='word_1_71' title='bbox 746 1226 880 1311; x_wconf 92' lang='lat' dir='ltr'><strong>primum</strong></span> <span class='ocrx_word' id='word_1_72' title='bbox 904 1224 944 1288; x_wconf 91' lang='lat' dir='ltr'><strong>de</strong></span> <span class='ocrx_word' id='word_1_73' title='bbox 964 1225 1006 1287; x_wconf 90' lang='lat' dir='ltr'><strong>iis</strong></span> <span class='ocrx_word' id='word_1_74' title='bbox 1026 1224 1231 1310; x_wconf 87' lang='lat' dir='ltr'><strong>scriptoribus</strong></span> <span class='ocrx_word' id='word_1_75' title='bbox 1248 1223 1350 1287; x_wconf 88' lang='lat' dir='ltr'><strong>dicam</strong></span> 
     </span>
     <span class='ocr_line' id='line_1_10' title="bbox 178 1331 1349 1418; baseline -0.003 -22"><span class='ocrx_word' id='word_1_76' title='bbox 178 1355 308 1418; x_wconf 90' lang='lat' dir='ltr'><strong>quorum</strong></span> <span class='ocrx_word' id='word_1_77' title='bbox 333 1336 404 1418; x_wconf 88' lang='lat' dir='ltr'><strong>ipsa</strong></span> <span class='ocrx_word' id='word_1_78' title='bbox 418 1332 515 1398; x_wconf 86' lang='lat' dir='ltr'><strong>verba</strong></span> <span class='ocrx_word' id='word_1_79' title='bbox 538 1355 606 1395; x_wconf 91' lang='lat' dir='ltr'><strong>cum</strong></span> <span class='ocrx_word' id='word_1_80' title='bbox 624 1331 820 1395; x_wconf 88' lang='lat' dir='ltr'><strong>Plutarcheis</strong></span> <span class='ocrx_word' id='word_1_81' title='bbox 846 1340 880 1395; x_wconf 94' lang='lat' dir='ltr'><strong>ut</strong></span> <span class='ocrx_word' id='word_1_82' title='bbox 903 1339 1124 1417; x_wconf 86' lang='lat' dir='ltr'><strong>comparentur</strong></span> <span class='ocrx_word' id='word_1_83' title='bbox 1147 1332 1172 1394; x_wconf 94' lang='lat' dir='ltr'><strong>si</strong></span> <span class='ocrx_word' id='word_1_84' title='bbox 1197 1353 1258 1394; x_wconf 88' lang='lat' dir='ltr'><strong>non</strong></span> <span class='ocrx_word' id='word_1_85' title='bbox 1283 1352 1349 1394; x_wconf 83' lang='lat' dir='ltr'><strong>om-</strong></span> 
     </span>
     <span class='ocr_line' id='line_1_11' title="bbox 177 1437 1349 1525; baseline -0.003 -22"><span class='ocrx_word' id='word_1_86' title='bbox 177 1441 280 1520; x_wconf 82' lang='lat' dir='ltr'><strong>nino„</strong></span> <span class='ocrx_word' id='word_1_87' title='bbox 295 1449 328 1505; x_wconf 86' lang='lat' dir='ltr'><strong>at</strong></span> <span class='ocrx_word' id='word_1_88' title='bbox 351 1463 390 1504; x_wconf 93' lang='lat' dir='ltr'><strong>ex</strong></span> <span class='ocrx_word' id='word_1_89' title='bbox 418 1449 506 1525; x_wconf 90' lang='lat' dir='ltr'><strong>parte</strong></span> <span class='ocrx_word' id='word_1_90' title='bbox 530 1439 621 1503; x_wconf 89' lang='lat' dir='ltr'><strong>nohis</strong></span> <span class='ocrx_word' id='word_1_91' title='bbox 646 1440 814 1524; x_wconf 85' lang='lat' dir='ltr'><strong>contingit,</strong></span> <span class='ocrx_word' id='word_1_92' title='bbox 847 1438 961 1503; x_wconf 90' lang='lat' dir='ltr'><strong>deinde</strong></span> <span class='ocrx_word' id='word_1_93' title='bbox 990 1437 1249 1523; x_wconf 73' lang='lat' dir='ltr'><strong>deiloquorum</strong></span> <span class='ocrx_word' id='word_1_94' title='bbox 1273 1437 1349 1501; x_wconf 92' lang='lat' dir='ltr'><strong>uihil</strong></span> 
     </span>
     <span class='ocr_line' id='line_1_12' title="bbox 177 1535 1350 1631; baseline -0.002 -21"><span class='ocrx_word' id='word_1_95' title='bbox 177 1547 307 1612; x_wconf 91' lang='lat' dir='ltr'><strong>verbum</strong></span> <span class='ocrx_word' id='word_1_96' title='bbox 339 1547 378 1611; x_wconf 89' lang='lat' dir='ltr'><strong>de</strong></span> <span class='ocrx_word' id='word_1_97' title='bbox 403 1548 499 1612; x_wconf 88' lang='lat' dir='ltr'><strong>verbo</strong></span> <span class='ocrx_word' id='word_1_98' title='bbox 529 1546 679 1610; x_wconf 86' lang='lat' dir='ltr'><strong>traditum</strong></span> <span class='ocrx_word' id='word_1_99' title='bbox 708 1556 757 1610; x_wconf 91' lang='lat' dir='ltr'><strong>est</strong></span> <span class='ocrx_word' id='word_1_100' title='bbox 784 1546 867 1631; x_wconf 92' lang='lat' dir='ltr'><strong>quod</strong></span> <span class='ocrx_word' id='word_1_101' title='bbox 893 1569 964 1610; x_wconf 91' lang='lat' dir='ltr'><strong>cum</strong></span> <span class='ocrx_word' id='word_1_102' title='bbox 993 1535 1055 1609; x_wconf 92' lang='lat' dir='ltr'><strong>illis</strong></span> <span class='ocrx_word' id='word_1_103' title='bbox 1079 1545 1214 1609; x_wconf 85' lang='lat' dir='ltr'><strong>conferri</strong></span> <span class='ocrx_word' id='word_1_104' title='bbox 1240 1547 1350 1631; x_wconf 90' lang='lat' dir='ltr'><strong>possit,</strong></span> 
     </span>
     <span class='ocr_line' id='line_1_13' title="bbox 176 1653 1347 1740; baseline -0.003 -22"><span class='ocrx_word' id='word_1_105' title='bbox 176 1663 335 1740; x_wconf 89' lang='lat' dir='ltr'><strong>postremo</strong></span> <span class='ocrx_word' id='word_1_106' title='bbox 367 1654 406 1717; x_wconf 91' lang='lat' dir='ltr'><strong>de</strong></span> <span class='ocrx_word' id='word_1_107' title='bbox 436 1655 475 1718; x_wconf 93' lang='lat' dir='ltr'><strong>iis</strong></span> <span class='ocrx_word' id='word_1_108' title='bbox 505 1676 637 1738; x_wconf 90' lang='lat' dir='ltr'><strong>quorum</strong></span> <span class='ocrx_word' id='word_1_109' title='bbox 671 1657 787 1739; x_wconf 88' lang='lat' dir='ltr'><strong>scriptu</strong></span> <span class='ocrx_word' id='word_1_110' title='bbox 819 1653 1007 1717; x_wconf 86' lang='lat' dir='ltr'><strong>Plutarchus</strong></span> <span class='ocrx_word' id='word_1_111' title='bbox 1039 1661 1125 1716; x_wconf 84' lang='lat' dir='ltr'><strong>ante.</strong></span> <span class='ocrx_word' id='word_1_112' title='bbox 1145 1653 1252 1716; x_wconf 88' lang='lat' dir='ltr'><strong>uculos</strong></span> <span class='ocrx_word' id='word_1_113' title='bbox 1285 1675 1347 1716; x_wconf 89' lang='lat' dir='ltr'><strong>non</strong></span> 
     </span>
     <span class='ocr_line' id='line_1_14' title="bbox 178 1753 1274 1824; baseline 0.011 -2"><span class='ocrx_word' id='word_1_114' title='bbox 178 1760 294 1824; x_wconf 86' lang='lat' dir='ltr'><strong>habuit.</strong></span> <span class='ocrx_word' id='word_1_115' title='bbox 1271 1753 1274 1757; x_wconf 22' lang='grc' dir='ltr'>ι</span> 
     </span>
     <span class='ocr_line' id='line_1_15' title="bbox 285 1861 1350 1950; baseline 0.002 -22"><span class='ocrx_word' id='word_1_116' title='bbox 285 1867 391 1929; x_wconf 90' lang='lat' dir='ltr'><strong>Primo</strong></span> <span class='ocrx_word' id='word_1_117' title='bbox 422 1867 517 1949; x_wconf 81' lang='lat' dir='ltr'><strong>igitur</strong></span> <span class='ocrx_word' id='word_1_118' title='bbox 546 1867 614 1930; x_wconf 90' lang='lat' dir='ltr'><strong>loco</strong></span> <span class='ocrx_word' id='word_1_119' title='bbox 645 1869 727 1929; x_wconf 86' lang='lat' dir='ltr'><strong>iuter</strong></span> <span class='ocrx_word' id='word_1_120' title='bbox 756 1869 873 1950; x_wconf 91' lang='lat' dir='ltr'><strong>primos</strong></span> <span class='ocrx_word' id='word_1_121' title='bbox 901 1867 971 1929; x_wconf 90' lang='lat' dir='ltr'><strong>illos</strong></span> <span class='ocrx_word' id='word_1_122' title='bbox 1001 1861 1208 1930; x_wconf 87' lang='lat' dir='ltr'><strong>nominandus</strong></span> <span class='ocrx_word' id='word_1_123' title='bbox 1232 1875 1281 1929; x_wconf 89' lang='lat' dir='ltr'><strong>est</strong></span> <span class='ocrx_word' id='word_1_124' title='bbox 1304 1867 1350 1930; x_wconf 89' lang='grc' dir='ltr'><strong>Μ.</strong></span> 
     </span>
     <span class='ocr_line' id='line_1_16' title="bbox 178 1965 1351 2038; baseline 0 -2"><span class='ocrx_word' id='word_1_125' title='bbox 178 1973 310 2037; x_wconf 88' lang='lat' dir='ltr'><strong>Porcius</strong></span> <span class='ocrx_word' id='word_1_126' title='bbox 327 1972 417 2038; x_wconf 82' lang='lat' dir='ltr'><strong>Cato</strong></span> <span class='ocrx_word' id='word_1_127' title='bbox 442 1972 540 2037; x_wconf 84' lang='lat' dir='ltr'><strong>Cuius</strong></span> <span class='ocrx_word' id='word_1_128' title='bbox 564 1973 660 2036; x_wconf 87' lang='lat' dir='ltr'><strong>libros</strong></span> <span class='ocrx_word' id='word_1_129' title='bbox 684 1996 758 2036; x_wconf 91' lang='lat' dir='ltr'><strong>num</strong></span> <span class='ocrx_word' id='word_1_130' title='bbox 775 1972 962 2036; x_wconf 84' lang='lat' dir='ltr'><strong>Plutarchus</strong></span> <span class='ocrx_word' id='word_1_131' title='bbox 987 1981 1059 2036; x_wconf 87' lang='lat' dir='ltr'><strong>ante</strong></span> <span class='ocrx_word' id='word_1_132' title='bbox 1076 1974 1184 2036; x_wconf 87' lang='lat' dir='ltr'><strong>oculos</strong></span> <span class='ocrx_word' id='word_1_133' title='bbox 1208 1965 1351 2036; x_wconf 87' lang='lat' dir='ltr'><strong>habuerit</strong></span> 
     </span>
     <span class='ocr_line' id='line_1_17' title="bbox 178 2079 1420 2165; baseline 0 -23"><span class='ocrx_word' id='word_1_134' title='bbox 178 2102 238 2143; x_wconf 92' lang='lat' dir='ltr'><strong>non</strong></span> <span class='ocrx_word' id='word_1_135' title='bbox 263 2080 354 2143; x_wconf 86' lang='lat' dir='ltr'><strong>facile</strong></span> <span class='ocrx_word' id='word_1_136' title='bbox 378 2082 590 2164; x_wconf 82' lang='lat' dir='ltr'><strong>estcngnitu,</strong></span> <span class='ocrx_word' id='word_1_137' title='bbox 619 2102 690 2144; x_wconf 93' lang='lat' dir='ltr'><strong>cum</strong></span> <span class='ocrx_word' id='word_1_138' title='bbox 713 2088 838 2165; x_wconf 87' lang='lat' dir='ltr'><strong>praeter</strong></span> <span class='ocrx_word' id='word_1_139' title='bbox 861 2079 974 2143; x_wconf 94' lang='lat' dir='ltr'><strong>librum</strong></span> <span class='ocrx_word' id='word_1_140' title='bbox 998 2080 1038 2144; x_wconf 91' lang='lat' dir='ltr'><strong>de</strong></span> <span class='ocrx_word' id='word_1_141' title='bbox 1062 2103 1094 2143; x_wconf 91' lang='lat' dir='ltr'><strong>re</strong></span> <span class='ocrx_word' id='word_1_142' title='bbox 1119 2081 1235 2143; x_wconf 87' lang='lat' dir='ltr'><strong>rustica</strong></span> <span class='ocrx_word' id='word_1_143' title='bbox 1259 2081 1351 2143; x_wconf 91' lang='lat' dir='ltr'><strong>exilia</strong></span> <span class='ocrx_word' id='word_1_144' title='bbox 1416 2123 1420 2130; x_wconf 93' lang='lat'><em>-</em></span> 
     </span>
     <span class='ocr_line' id='line_1_18' title="bbox 177 2187 1351 2272; baseline 0 -22"><span class='ocrx_word' id='word_1_145' title='bbox 177 2196 297 2251; x_wconf 90' lang='lat' dir='ltr'><strong>tantum</strong></span> <span class='ocrx_word' id='word_1_146' title='bbox 322 2209 428 2254; x_wconf 90' lang='lat' dir='ltr'><strong>eurum</strong></span> <span class='ocrx_word' id='word_1_147' title='bbox 453 2187 629 2272; x_wconf 77' lang='lat' dir='ltr'><strong>fragmenta</strong></span> <span class='ocrx_word' id='word_1_148' title='bbox 652 2187 691 2251; x_wconf 91' lang='lat' dir='ltr'><strong>ab</strong></span> <span class='ocrx_word' id='word_1_149' title='bbox 715 2187 784 2250; x_wconf 88' lang='lat' dir='ltr'><strong>aliis</strong></span> <span class='ocrx_word' id='word_1_150' title='bbox 808 2187 965 2272; x_wconf 84' lang='lat' dir='ltr'><strong>exscripta</strong></span> <span class='ocrx_word' id='word_1_151' title='bbox 995 2187 1034 2250; x_wconf 90' lang='lat' dir='ltr'><strong>ad</strong></span> <span class='ocrx_word' id='word_1_152' title='bbox 1059 2209 1117 2250; x_wconf 92' lang='lat' dir='ltr'><strong>nos</strong></span> <span class='ocrx_word' id='word_1_153' title='bbox 1141 2189 1351 2272; x_wconf 88' lang='lat' dir='ltr'><strong>pervenerint.</strong></span> 
     </span>
     <span class='ocr_line' id='line_1_19' title="bbox 176 2293 1352 2379; baseline -0.001 -22"><span class='ocrx_word' id='word_1_154' title='bbox 176 2294 317 2358; x_wconf 92' lang='lat' dir='ltr'><strong>Primum</strong></span> <span class='ocrx_word' id='word_1_155' title='bbox 333 2297 428 2379; x_wconf 85' lang='lat' dir='ltr'><strong>igitur</strong></span> <span class='ocrx_word' id='word_1_156' title='bbox 444 2293 575 2359; x_wconf 82' lang='lat' dir='ltr'><strong>Catonis</strong></span> <span class='ocrx_word' id='word_1_157' title='bbox 599 2294 639 2358; x_wconf 87' lang='lat' dir='ltr'><strong>ad</strong></span> <span class='ocrx_word' id='word_1_158' title='bbox 663 2295 759 2357; x_wconf 90' lang='lat' dir='ltr'><strong>lilium</strong></span> <span class='ocrx_word' id='word_1_159' title='bbox 783 2294 854 2358; x_wconf 90' lang='lat' dir='ltr'><strong>libri</strong></span> <span class='ocrx_word' id='word_1_160' title='bbox 879 2305 956 2379; x_wconf 91' lang='lat' dir='ltr'><strong>quot</strong></span> <span class='ocrx_word' id='word_1_161' title='bbox 978 2296 1096 2358; x_wconf 83' lang='lat' dir='ltr'><strong>fuerint</strong></span> <span class='ocrx_word' id='word_1_162' title='bbox 1119 2304 1151 2358; x_wconf 92' lang='lat' dir='ltr'><strong>et</strong></span> <span class='ocrx_word' id='word_1_163' title='bbox 1174 2293 1249 2379; x_wconf 90' lang='lat' dir='ltr'><strong>quid</strong></span> <span class='ocrx_word' id='word_1_164' title='bbox 1266 2295 1352 2379; x_wconf 87' lang='lat' dir='ltr'><strong>quis-</strong></span> 
     </span>
     <span class='ocr_line' id='line_1_20' title="bbox 177 2401 1350 2487; baseline -0.001 -23"><span class='ocrx_word' id='word_1_165' title='bbox 177 2425 237 2486; x_wconf 90' lang='lat' dir='ltr'><strong>que</strong></span> <span class='ocrx_word' id='word_1_166' title='bbox 268 2402 459 2466; x_wconf 91' lang='lat' dir='ltr'><strong>continuerit</strong></span> <span class='ocrx_word' id='word_1_167' title='bbox 488 2403 640 2465; x_wconf 89' lang='lat' dir='ltr'><strong>incertum</strong></span> <span class='ocrx_word' id='word_1_168' title='bbox 672 2411 737 2480; x_wconf 81' lang='lat' dir='ltr'><strong>est3</strong></span> <span class='ocrx_word' id='word_1_169' title='bbox 770 2425 809 2465; x_wconf 92' lang='lat' dir='ltr'><strong>ne</strong></span> <span class='ocrx_word' id='word_1_170' title='bbox 837 2403 947 2465; x_wconf 88' lang='lat' dir='ltr'><strong>titulus</strong></span> <span class='ocrx_word' id='word_1_171' title='bbox 978 2401 1104 2487; x_wconf 89' lang='lat' dir='ltr'><strong>quidem</strong></span> <span class='ocrx_word' id='word_1_172' title='bbox 1136 2402 1190 2486; x_wconf 92' lang='lat' dir='ltr'><strong>qui</strong></span> <span class='ocrx_word' id='word_1_173' title='bbox 1218 2401 1350 2484; x_wconf 85' lang='lat' dir='ltr'><strong>singulis</strong></span> 
     </span>
     <span class='ocr_line' id='line_1_21' title="bbox 176 2508 1352 2594; baseline 0.001 -25"><span class='ocrx_word' id='word_1_174' title='bbox 176 2508 273 2572; x_wconf 82' lang='lat' dir='ltr'><strong>fucrit</strong></span> <span class='ocrx_word' id='word_1_175' title='bbox 296 2509 372 2572; x_wconf 84' lang='lat' dir='ltr'><strong>satis</strong></span> <span class='ocrx_word' id='word_1_176' title='bbox 396 2517 528 2572; x_wconf 88' lang='lat' dir='ltr'><strong>constat.</strong></span> <span class='ocrx_word' id='word_1_177' title='bbox 575 2511 724 2572; x_wconf 78' lang='lat' dir='ltr'><strong>Attamen</strong></span> <span class='ocrx_word' id='word_1_178' title='bbox 741 2510 910 2594; x_wconf 55' lang='lat' dir='ltr'><strong>&#39;complura</strong></span> <span class='ocrx_word' id='word_1_179' title='bbox 929 2509 1089 2572; x_wconf 89' lang='lat' dir='ltr'><strong>Plutarchi</strong></span> <span class='ocrx_word' id='word_1_180' title='bbox 1113 2509 1294 2572; x_wconf 87' lang='lat' dir='ltr'><strong>testimonia</strong></span> <span class='ocrx_word' id='word_1_181' title='bbox 1317 2516 1352 2570; x_wconf 90' lang='lat' dir='ltr'><strong>ut</strong></span> 
     </span>
     <span class='ocr_line' id='line_1_22' title="bbox 179 2614 1350 2700; baseline 0.003 -26"><span class='ocrx_word' id='word_1_182' title='bbox 179 2636 248 2676; x_wconf 91' lang='lat' dir='ltr'><strong>cum</strong></span> <span class='ocrx_word' id='word_1_183' title='bbox 272 2616 311 2675; x_wconf 85' lang='lat' dir='ltr'><strong>iis</strong></span> <span class='ocrx_word' id='word_1_184' title='bbox 334 2637 414 2697; x_wconf 85' lang='lat' dir='ltr'><strong>quae</strong></span> <span class='ocrx_word' id='word_1_185' title='bbox 438 2615 489 2676; x_wconf 91' lang='lat' dir='ltr'><strong>alii</strong></span> <span class='ocrx_word' id='word_1_186' title='bbox 506 2615 675 2698; x_wconf 83' lang='lat' dir='ltr'><strong>scriptores</strong></span> <span class='ocrx_word' id='word_1_187' title='bbox 699 2638 738 2676; x_wconf 92' lang='lat' dir='ltr'><strong>ex</strong></span> <span class='ocrx_word' id='word_1_188' title='bbox 754 2614 815 2677; x_wconf 89' lang='lat' dir='ltr'><strong>illis</strong></span> <span class='ocrx_word' id='word_1_189' title='bbox 832 2615 919 2678; x_wconf 86' lang='lat' dir='ltr'><strong>libris</strong></span> <span class='ocrx_word' id='word_1_190' title='bbox 936 2625 1161 2700; x_wconf 87' lang='lat' dir='ltr'><strong>excerpserunt</strong></span> <span class='ocrx_word' id='word_1_191' title='bbox 1176 2615 1350 2679; x_wconf 87' lang='lat' dir='ltr'><strong>conferrem</strong></span> 
     </span>
     <span class='ocr_line' id='line_1_23' title="bbox 179 2719 1352 2807; baseline 0 -25"><span class='ocrx_word' id='word_1_192' title='bbox 179 2719 254 2782; x_wconf 92' lang='lat' dir='ltr'><strong>mihi</strong></span> <span class='ocrx_word' id='word_1_193' title='bbox 277 2722 418 2805; x_wconf 86' lang='lat' dir='ltr'><strong>contigit.</strong></span> <span class='ocrx_word' id='word_1_194' title='bbox 434 2720 594 2807; x_wconf 89' lang='lat' dir='ltr'><strong>Imprimis</strong></span> <span class='ocrx_word' id='word_1_195' title='bbox 618 2743 710 2805; x_wconf 91' lang='lat' dir='ltr'><strong>quem</strong></span> <span class='ocrx_word' id='word_1_196' title='bbox 731 2720 853 2784; x_wconf 92' lang='lat' dir='ltr'><strong>Plinius</strong></span> <span class='ocrx_word' id='word_1_197' title='bbox 870 2721 943 2784; x_wconf 86' lang='lat' dir='ltr'><strong>Nat.</strong></span> <span class='ocrx_word' id='word_1_198' title='bbox 959 2720 1031 2803; x_wconf 89' lang='lat' dir='ltr'><strong>hist.</strong></span> <span class='ocrx_word' id='word_1_199' title='bbox 1047 2721 1171 2783; x_wconf 86' lang='lat' dir='ltr'>XXIX</span> <span class='ocrx_word' id='word_1_200' title='bbox 1192 2725 1231 2783; x_wconf 80' lang='lat'><strong>14</strong></span> <span class='ocrx_word' id='word_1_201' title='bbox 1255 2720 1352 2784; x_wconf 88' lang='lat' dir='ltr'><strong>tradit</strong></span> 
     </span>
     <span class='ocr_line' id='line_1_24' title="bbox 178 2827 1349 2913; baseline -0.002 -23"><span class='ocrx_word' id='word_1_202' title='bbox 178 2827 266 2890; x_wconf 90' lang='lat' dir='ltr'><strong>locus</strong></span> <span class='ocrx_word' id='word_1_203' title='bbox 289 2827 330 2891; x_wconf 91' lang='lat' dir='ltr'><strong>ad</strong></span> <span class='ocrx_word' id='word_1_204' title='bbox 346 2829 561 2912; x_wconf 87' lang='lat' dir='ltr'><strong>quaestionem</strong></span> <span class='ocrx_word' id='word_1_205' title='bbox 579 2851 672 2912; x_wconf 88' lang='lat' dir='ltr'><strong>quam</strong></span> <span class='ocrx_word' id='word_1_206' title='bbox 692 2829 815 2913; x_wconf 89' lang='lat' dir='ltr'><strong>suscepi</strong></span> <span class='ocrx_word' id='word_1_207' title='bbox 833 2827 1016 2892; x_wconf 88' lang='lat' dir='ltr'><strong>solvendam</strong></span> <span class='ocrx_word' id='word_1_208' title='bbox 1033 2828 1184 2912; x_wconf 90' lang='lat' dir='ltr'><strong>aliquanti</strong></span> <span class='ocrx_word' id='word_1_209' title='bbox 1200 2828 1349 2890; x_wconf 88' lang='lat' dir='ltr'><strong>momenti</strong></span> 
     </span>
     <span class='ocr_line' id='line_1_25' title="bbox 179 2933 1350 3021; baseline 0.001 -25"><span class='ocrx_word' id='word_1_210' title='bbox 179 2943 236 2996; x_wconf 87' lang='lat' dir='ltr'><strong>est.</strong></span> <span class='ocrx_word' id='word_1_211' title='bbox 274 2934 308 2997; x_wconf 91' lang='lat' dir='ltr'><strong>Is</strong></span> <span class='ocrx_word' id='word_1_212' title='bbox 325 2936 407 2998; x_wconf 88' lang='lat' dir='ltr'><strong>enim</strong></span> <span class='ocrx_word' id='word_1_213' title='bbox 425 2937 544 3021; x_wconf 87' lang='lat' dir='ltr'><strong>seipsa</strong></span> <span class='ocrx_word' id='word_1_214' title='bbox 568 2935 698 2999; x_wconf 85' lang='lat' dir='ltr'><strong>Catonis</strong></span> <span class='ocrx_word' id='word_1_215' title='bbox 716 2935 812 2999; x_wconf 88' lang='lat' dir='ltr'><strong>verba</strong></span> <span class='ocrx_word' id='word_1_216' title='bbox 836 2958 952 3020; x_wconf 90' lang='lat' dir='ltr'><strong>ponere</strong></span> <span class='ocrx_word' id='word_1_217' title='bbox 975 2936 1137 3020; x_wconf 85' lang='lat' dir='ltr'><strong>professus</strong></span> <span class='ocrx_word' id='word_1_218' title='bbox 1154 2933 1230 2997; x_wconf 90' lang='lat' dir='ltr'><strong>haec</strong></span> <span class='ocrx_word' id='word_1_219' title='bbox 1246 2933 1350 2997; x_wconf 82' lang='lat' dir='ltr'><strong>affert:</strong></span> 
     </span>
     <span class='ocr_line' id='line_1_26' title="bbox 176 3036 1352 3125; baseline 0.001 -23"><span class='ocrx_word' id='word_1_220' title='bbox 176 3036 293 3103; x_wconf 79' lang='lat' dir='ltr'><strong>‘dicam</strong></span> <span class='ocrx_word' id='word_1_221' title='bbox 316 3040 368 3103; x_wconf 43' lang='lat' dir='ltr'><strong>de.</strong></span> <span class='ocrx_word' id='word_1_222' title='bbox 384 3042 453 3104; x_wconf 89' lang='lat' dir='ltr'><strong>istis</strong></span> <span class='ocrx_word' id='word_1_223' title='bbox 478 3041 610 3105; x_wconf 87' lang='lat' dir='ltr'><strong>Graecis</strong></span> <span class='ocrx_word' id='word_1_224' title='bbox 635 3064 692 3104; x_wconf 90' lang='lat' dir='ltr'><strong>suo</strong></span> <span class='ocrx_word' id='word_1_225' title='bbox 716 3042 802 3119; x_wconf 89' lang='lat' dir='ltr'><strong>luco,</strong></span> <span class='ocrx_word' id='word_1_226' title='bbox 829 3043 939 3104; x_wconf 90' lang='lat' dir='ltr'><strong>Marce</strong></span> <span class='ocrx_word' id='word_1_227' title='bbox 962 3042 1014 3105; x_wconf 89' lang='lat' dir='ltr'><strong>lili.</strong></span> <span class='ocrx_word' id='word_1_228' title='bbox 1038 3040 1114 3125; x_wconf 90' lang='lat' dir='ltr'><strong>quid</strong></span> <span class='ocrx_word' id='word_1_229' title='bbox 1138 3040 1274 3104; x_wconf 85' lang='lat' dir='ltr'><strong>Athenis</strong></span> <span class='ocrx_word' id='word_1_230' title='bbox 1298 3063 1352 3104; x_wconf 90' lang='lat' dir='ltr'><strong>ex-</strong></span> 
     </span>
     <span class='ocr_line' id='line_1_27' title="bbox 178 3147 1352 3233; baseline 0.003 -25"><span class='ocrx_word' id='word_1_231' title='bbox 178 3149 327 3231; x_wconf 86' lang='lat' dir='ltr'><strong>quisitum</strong></span> <span class='ocrx_word' id='word_1_232' title='bbox 351 3147 485 3212; x_wconf 86' lang='lat' dir='ltr'><strong>habeam</strong></span> <span class='ocrx_word' id='word_1_233' title='bbox 512 3155 545 3211; x_wconf 88' lang='lat' dir='ltr'><strong>et</strong></span> <span class='ocrx_word' id='word_1_234' title='bbox 571 3147 655 3232; x_wconf 90' lang='lat' dir='ltr'><strong>quod</strong></span> <span class='ocrx_word' id='word_1_235' title='bbox 685 3148 800 3211; x_wconf 91' lang='lat' dir='ltr'><strong>honum</strong></span> <span class='ocrx_word' id='word_1_236' title='bbox 832 3150 873 3210; x_wconf 89' lang='lat' dir='ltr'><strong>sit</strong></span> <span class='ocrx_word' id='word_1_237' title='bbox 896 3148 1019 3211; x_wconf 87' lang='lat' dir='ltr'><strong>illorum</strong></span> <span class='ocrx_word' id='word_1_238' title='bbox 1043 3148 1164 3211; x_wconf 89' lang='lat' dir='ltr'><strong>litteras</strong></span> <span class='ocrx_word' id='word_1_239' title='bbox 1188 3148 1352 3233; x_wconf 86' lang='lat' dir='ltr'><strong>inspicere,</strong></span> 
     </span>
     <span class='ocr_line' id='line_1_28' title="bbox 178 3253 1351 3340; baseline 0.002 -24"><span class='ocrx_word' id='word_1_240' title='bbox 178 3277 240 3317; x_wconf 90' lang='lat' dir='ltr'><strong>non</strong></span> <span class='ocrx_word' id='word_1_241' title='bbox 263 3253 451 3340; x_wconf 86' lang='lat' dir='ltr'><strong>perdiscere,</strong></span> <span class='ocrx_word' id='word_1_242' title='bbox 476 3256 607 3318; x_wconf 90' lang='lat' dir='ltr'><strong>vincam.</strong></span> <span class='ocrx_word' id='word_1_243' title='bbox 632 3255 857 3339; x_wconf 88' lang='lat' dir='ltr'><strong>nequissimum</strong></span> <span class='ocrx_word' id='word_1_244' title='bbox 882 3265 915 3318; x_wconf 91' lang='lat' dir='ltr'><strong>et</strong></span> <span class='ocrx_word' id='word_1_245' title='bbox 938 3253 1073 3318; x_wconf 90' lang='lat' dir='ltr'><strong>indocile</strong></span> <span class='ocrx_word' id='word_1_246' title='bbox 1096 3277 1196 3340; x_wconf 82' lang='lat' dir='ltr'><strong>genus</strong></span> <span class='ocrx_word' id='word_1_247' title='bbox 1219 3253 1351 3334; x_wconf 90' lang='lat' dir='ltr'><strong>illorum,</strong></span> 
     </span>
     <span class='ocr_line' id='line_1_29' title="bbox 178 3361 1350 3447; baseline 0 -21"><span class='ocrx_word' id='word_1_248' title='bbox 178 3370 209 3426; x_wconf 88' lang='lat' dir='ltr'><strong>et</strong></span> <span class='ocrx_word' id='word_1_249' title='bbox 233 3361 291 3425; x_wconf 90' lang='lat' dir='ltr'><strong>hoc</strong></span> <span class='ocrx_word' id='word_1_250' title='bbox 319 3370 395 3447; x_wconf 87' lang='lat' dir='ltr'><strong>puta</strong></span> <span class='ocrx_word' id='word_1_251' title='bbox 424 3371 527 3426; x_wconf 85' lang='lat' dir='ltr'><strong>vatem</strong></span> <span class='ocrx_word' id='word_1_252' title='bbox 557 3361 689 3426; x_wconf 85' lang='lat' dir='ltr'><strong>dixisse:</strong></span> <span class='ocrx_word' id='word_1_253' title='bbox 719 3361 907 3446; x_wconf 87' lang='lat' dir='ltr'><strong>quandoque</strong></span> <span class='ocrx_word' id='word_1_254' title='bbox 935 3364 996 3426; x_wconf 89' lang='lat' dir='ltr'><strong>ista</strong></span> <span class='ocrx_word' id='word_1_255' title='bbox 1023 3364 1202 3446; x_wconf 72' lang='lat' dir='ltr'><strong>gens&#39;suas</strong></span> <span class='ocrx_word' id='word_1_256' title='bbox 1231 3363 1350 3426; x_wconf 85' lang='lat' dir='ltr'><strong>litteras</strong></span> 
     </span>
     <span class='ocr_line' id='line_1_30' title="bbox 178 3467 1352 3556; baseline 0 -24"><span class='ocrx_word' id='word_1_257' title='bbox 178 3467 274 3544; x_wconf 90' lang='lat' dir='ltr'><strong>dabit,</strong></span> <span class='ocrx_word' id='word_1_258' title='bbox 298 3470 402 3532; x_wconf 89' lang='lat' dir='ltr'><strong>omnia</strong></span> <span class='ocrx_word' id='word_1_259' title='bbox 425 3479 614 3556; x_wconf 82' lang='lat' dir='ltr'><strong>corrumpet,</strong></span> <span class='ocrx_word' id='word_1_260' title='bbox 638 3479 705 3532; x_wconf 90' lang='lat' dir='ltr'><strong>tum</strong></span> <span class='ocrx_word' id='word_1_261' title='bbox 729 3472 830 3532; x_wconf 87' lang='lat' dir='ltr'><strong>etiam</strong></span> <span class='ocrx_word' id='word_1_262' title='bbox 847 3472 956 3553; x_wconf 83' lang='lat' dir='ltr'><strong>magis,</strong></span> <span class='ocrx_word' id='word_1_263' title='bbox 980 3471 1007 3533; x_wconf 89' lang='lat' dir='ltr'><strong>si</strong></span> <span class='ocrx_word' id='word_1_264' title='bbox 1030 3469 1169 3533; x_wconf 88' lang='lat' dir='ltr'><strong>medicos</strong></span> <span class='ocrx_word' id='word_1_265' title='bbox 1194 3492 1267 3533; x_wconf 86' lang='lat' dir='ltr'><strong>suos</strong></span> <span class='ocrx_word' id='word_1_266' title='bbox 1289 3470 1352 3532; x_wconf 90' lang='lat' dir='ltr'><strong>huc</strong></span> 
     </span>
     <span class='ocr_line' id='line_1_31' title="bbox 177 3575 1353 3655; baseline 0 -15"><span class='ocrx_word' id='word_1_267' title='bbox 177 3576 290 3640; x_wconf 89' lang='lat' dir='ltr'><strong>mittet.</strong></span> <span class='ocrx_word' id='word_1_268' title='bbox 314 3578 456 3640; x_wconf 88' lang='lat' dir='ltr'><strong>iurarunt</strong></span> <span class='ocrx_word' id='word_1_269' title='bbox 479 3579 562 3640; x_wconf 90' lang='lat' dir='ltr'><strong>inter</strong></span> <span class='ocrx_word' id='word_1_270' title='bbox 585 3599 618 3640; x_wconf 87' lang='lat' dir='ltr'><strong>se</strong></span> <span class='ocrx_word' id='word_1_271' title='bbox 642 3575 919 3641; x_wconf 86' lang='lat' dir='ltr'><strong>barbarosnecare</strong></span> <span class='ocrx_word' id='word_1_272' title='bbox 936 3578 1037 3640; x_wconf 86' lang='lat' dir='ltr'><strong>omnis</strong></span> <span class='ocrx_word' id='word_1_273' title='bbox 1057 3575 1222 3655; x_wconf 86' lang='lat' dir='ltr'><strong>medicina,</strong></span> <span class='ocrx_word' id='word_1_274' title='bbox 1246 3585 1278 3639; x_wconf 91' lang='lat' dir='ltr'><strong>et</strong></span> <span class='ocrx_word' id='word_1_275' title='bbox 1293 3577 1353 3640; x_wconf 90' lang='lat' dir='ltr'><strong>huc</strong></span> 
     </span>
     <span class='ocr_line' id='line_1_32' title="bbox 177 3682 1352 3768; baseline 0.002 -23"><span class='ocrx_word' id='word_1_276' title='bbox 177 3685 279 3768; x_wconf 91' lang='lat' dir='ltr'><strong>ipsum</strong></span> <span class='ocrx_word' id='word_1_277' title='bbox 305 3682 448 3746; x_wconf 88' lang='lat' dir='ltr'><strong>mercede</strong></span> <span class='ocrx_word' id='word_1_278' title='bbox 472 3683 600 3761; x_wconf 88' lang='lat' dir='ltr'><strong>faciunt,</strong></span> <span class='ocrx_word' id='word_1_279' title='bbox 624 3692 659 3746; x_wconf 90' lang='lat' dir='ltr'><strong>ut</strong></span> <span class='ocrx_word' id='word_1_280' title='bbox 682 3683 760 3747; x_wconf 91' lang='lat' dir='ltr'><strong>fides</strong></span> <span class='ocrx_word' id='word_1_281' title='bbox 784 3684 822 3747; x_wconf 88' lang='lat' dir='ltr'><strong>iis</strong></span> <span class='ocrx_word' id='word_1_282' title='bbox 847 3685 889 3747; x_wconf 90' lang='lat' dir='ltr'><strong>sit</strong></span> <span class='ocrx_word' id='word_1_283' title='bbox 912 3693 944 3748; x_wconf 90' lang='lat' dir='ltr'><strong>et</strong></span> <span class='ocrx_word' id='word_1_284' title='bbox 966 3684 1056 3747; x_wconf 87' lang='lat' dir='ltr'><strong>facile</strong></span> <span class='ocrx_word' id='word_1_285' title='bbox 1074 3682 1258 3768; x_wconf 90' lang='lat' dir='ltr'><strong>disperdant</strong></span> <span class='ocrx_word' id='word_1_286' title='bbox 1274 3736 1279 3746; x_wconf 90' lang='lat'><strong>.</strong></span> <span class='ocrx_word' id='word_1_287' title='bbox 1297 3733 1304 3747; x_wconf 89' lang='lat'><strong>.</strong></span> <span class='ocrx_word' id='word_1_288' title='bbox 1321 3732 1352 3748; x_wconf 90' lang='lat'><strong>..</strong></span> 
     </span>
     <span class='ocr_line' id='line_1_33' title="bbox 177 3786 1352 3877; baseline 0.001 -24"><span class='ocrx_word' id='word_1_289' title='bbox 177 3790 331 3855; x_wconf 87' lang='lat' dir='ltr'><strong>interdixi</strong></span> <span class='ocrx_word' id='word_1_290' title='bbox 357 3790 415 3854; x_wconf 91' lang='lat' dir='ltr'><strong>tibi</strong></span> <span class='ocrx_word' id='word_1_291' title='bbox 446 3789 484 3854; x_wconf 90' lang='lat' dir='ltr'><strong>de</strong></span> <span class='ocrx_word' id='word_1_292' title='bbox 515 3786 665 3854; x_wconf 59' lang='lat' dir='ltr'><strong>medicis?</strong></span> <span class='ocrx_word' id='word_1_293' title='bbox 718 3791 815 3855; x_wconf 84' lang='lat' dir='ltr'><strong>Inde.</strong></span> <span class='ocrx_word' id='word_1_294' title='bbox 831 3791 1017 3855; x_wconf 87' lang='lat' dir='ltr'><strong>Plutarchus</strong></span> <span class='ocrx_word' id='word_1_295' title='bbox 1048 3791 1172 3854; x_wconf 87' lang='lat' dir='ltr'><strong>videtur</strong></span> <span class='ocrx_word' id='word_1_296' title='bbox 1200 3792 1352 3877; x_wconf 88' lang='lat' dir='ltr'><strong>petivisse</strong></span> 
     </span>
     <span class='ocr_line' id='line_1_34' title="bbox 177 3897 1352 3982; baseline 0.003 -22"><span class='ocrx_word' id='word_1_297' title='bbox 177 3901 256 3982; x_wconf 82' lang='lat' dir='ltr'><strong>quae</strong></span> <span class='ocrx_word' id='word_1_298' title='bbox 280 3899 311 3961; x_wconf 92' lang='lat' dir='ltr'><strong>in</strong></span> <span class='ocrx_word' id='word_1_299' title='bbox 337 3898 422 3961; x_wconf 90' lang='lat' dir='ltr'><strong>vitae</strong></span> <span class='ocrx_word' id='word_1_300' title='bbox 446 3897 576 3961; x_wconf 85' lang='lat' dir='ltr'><strong>Catonis</strong></span> <span class='ocrx_word' id='word_1_301' title='bbox 601 3899 727 3962; x_wconf 90' lang='lat' dir='ltr'><strong>maioris</strong></span> <span class='ocrx_word' id='word_1_302' title='bbox 752 3920 777 3962; x_wconf 91' lang='lat' dir='ltr'><strong>c.</strong></span> <span class='ocrx_word' id='word_1_303' title='bbox 795 3903 836 3963; x_wconf 78' lang='lat'><strong>23</strong></span> <span class='ocrx_word' id='word_1_304' title='bbox 861 3908 978 3962; x_wconf 86' lang='lat' dir='ltr'><strong>narrat:</strong></span> <span class='ocrx_word' id='word_1_305' title='bbox 1007 3897 1064 3966; x_wconf 78' lang='lat' dir='ltr'><strong>ron</strong></span> <span class='ocrx_word' id='word_1_306' title='bbox 1087 3901 1122 3966; x_wconf 69' lang='lat' dir='ltr'><strong>dd</strong></span> <span class='ocrx_word' id='word_1_307' title='bbox 1148 3901 1255 3966; x_wconf 72' lang='lat' dir='ltr'><strong>recido</strong></span> <span class='ocrx_word' id='word_1_308' title='bbox 1279 3902 1352 3965; x_wconf 74' lang='lat' dir='ltr'><strong>dut-</strong></span> 
     </span>
    </p>
   </div>
   <div class='ocr_carea' id='block_1_3' title="bbox 176 4002 1353 4135">
    <p class='ocr_par' dir='ltr' id='par_1_3' title="bbox 176 4002 1353 4135">
     <span class='ocr_line' id='line_1_35' title="bbox 176 4002 1353 4098; baseline -0.004 -26"><span class='ocrx_word' id='word_1_309' title='bbox 176 4005 305 4090; x_wconf 68' lang='grc' dir='ltr'><em>βάλλων</em></span> <span class='ocrx_word' id='word_1_310' title='bbox 329 4002 415 4092; x_wconf 73' lang='grc' dir='ltr'><strong><em>πρὸς</em></strong></span> <span class='ocrx_word' id='word_1_311' title='bbox 432 4005 477 4071; x_wconf 74' lang='lat' dir='ltr'><strong>rui</strong></span> <span class='ocrx_word' id='word_1_312' title='bbox 499 4002 668 4098; x_wconf 77' lang='grc' dir='ltr'><em>Ἑλληνικὰ</em></span> <span class='ocrx_word' id='word_1_313' title='bbox 692 4011 785 4095; x_wconf 74' lang='grc' dir='ltr'><em>φωνῇ</em></span> <span class='ocrx_word' id='word_1_314' title='bbox 810 4007 961 4098; x_wconf 67' lang='grc' dir='ltr'><strong>κέχρηται</strong></span> <span class='ocrx_word' id='word_1_315' title='bbox 979 4007 1166 4094; x_wconf 61' lang='lat' dir='ltr'><strong>deuolat-hp</strong></span> <span class='ocrx_word' id='word_1_316' title='bbox 1185 4009 1236 4071; x_wconf 73' lang='lat' dir='ltr'><strong>roi·</strong></span> <span class='ocrx_word' id='word_1_317' title='bbox 1251 4004 1353 4091; x_wconf 70' lang='grc' dir='ltr'><em>γήρως</em></span> 
     </span>
     <span class='ocr_line' id='line_1_36' title="bbox 800 4107 964 4135; baseline -0.006 -1"><span class='ocrx_word' id='word_1_318' title='bbox 800 4111 807 4135; x_wconf 88' lang='grc' dir='ltr'><em>Ι</em></span> <span class='ocrx_word' id='word_1_319' title='bbox 890 4107 898 4132; x_wconf 88' lang='grc'>(</span> <span class='ocrx_word' id='word_1_320' title='bbox 956 4110 964 4134; x_wconf 85' lang='grc'>)</span> 
     </span>
    </p>
   </div>
   <div class='ocr_carea' id='block_1_4' title="bbox 177 4106 1351 4201">
    <p class='ocr_par' dir='ltr' id='par_1_4' title="bbox 177 4106 1351 4201">
     <span class='ocr_line' id='line_1_37' title="bbox 177 4106 1351 4201; baseline -0.003 -24"><span class='ocrx_word' id='word_1_321' title='bbox 177 4106 246 4177; x_wconf 74' lang='grc' dir='ltr'><strong>οἷον</strong></span> <span class='ocrx_word' id='word_1_322' title='bbox 269 4109 511 4195; x_wconf 56' lang='grc' dir='ltr'><strong>ἀποθεσπίζων</strong></span> <span class='ocrx_word' id='word_1_323' title='bbox 538 4115 591 4179; x_wconf 71' lang='grc' dir='ltr'><strong>καὶ</strong></span> <span class='ocrx_word' id='word_1_324' title='bbox 622 4140 852 4201; x_wconf 78' lang='grc' dir='ltr'><em>προμανῑενων</em></span> <span class='ocrx_word' id='word_1_325' title='bbox 875 4142 918 4195; x_wconf 75' lang='grc' dir='ltr'><strong>ως</strong></span> <span class='ocrx_word' id='word_1_326' title='bbox 946 4117 1107 4182; x_wconf 57' lang='lat' dir='ltr'><strong>osculatio!</strong></span> <span class='ocrx_word' id='word_1_327' title='bbox 1130 4110 1284 4199; x_wconf 60' lang='grc' dir='ltr'><strong>(Ρωμαῖοι</strong></span> <span class='ocrx_word' id='word_1_328' title='bbox 1314 4107 1351 4175; x_wconf 79' lang='lat' dir='ltr'><strong>cd</strong></span> 
     </span>
    </p>
   </div>
   <div class='ocr_carea' id='block_1_5' title="bbox 0 0 1548 4732">
    <p class='ocr_par' dir='ltr' id='par_1_5' title="bbox 0 0 1548 4732">
     <span class='ocr_line' id='line_1_38' title="bbox 0 0 1548 4732; baseline 0 0"><span class='ocrx_word' id='word_1_329' title='bbox 0 0 1548 4732; x_wconf 95' lang='lat' dir='ltr'><strong> </strong></span> 
     </span>
    </p>
   </div>
  </div>
 </body>
</html>
