3086 4732
797 300 837 361 26

711 390 923 398 Μ

233 499 405 576 congruant
428 493 599 579 explorare.
634 492 686 556 De
710 493 794 558 omni
811 499 915 558 autem
932 492 1095 558 Ciceronis
1111 493 1231 557 ratione
1247 491 1405 558 scribendi

232 598 309 684 quid
332 599 519 663 Plutarchus
543 599 678 664 senserit
700 607 831 686 apparet
854 622 894 665 ex
915 599 1077 664 Ciceronis
1102 622 1171 663 cum
1187 599 1405 664 Demosthene

232 707 473 793 comparationis
497 728 522 771 c.
548 709 583 772 l:
630 706 775 795 Κικέρων
804 708 840 774 δὲ
871 707 927 774 καί
951 704 1151 799 πολυμαθὴς
1173 707 1229 775 καί
1252 705 1406 788 ποικίλος

232 817 271 902 τῇ
302 814 382 902 περί
414 810 487 894 τοὺς
518 810 631 900 λόγους
664 818 794 905 σπουδῇ
826 812 991 902 γενόμενος
1027 811 1191 894 συντάξεις
1226 815 1285 899 μὲν
1318 812 1406 894 ἰδίας

232 916 431 1010 φιλοσόφους
446 913 668 988 ἀπολέλοιπεν
685 913 744 989 oria
759 913 868 1008 ὀλίγας
885 920 932 1002 εἰς
947 919 1000 989 τὸν
1015 914 1256 1015 Ἀκαδημαϊκὸν
1270 918 1404 1010 τρόπον,

233 1022 271 1095 οὗ
300 1024 363 1118 μὴν
393 1019 475 1094 oillei
506 1028 562 1094 καί
593 1027 648 1095 διὰ
677 1033 742 1094 τῶν
772 1025 855 1118 πρός
886 1027 943 1109 τὰς
974 1028 1068 1108 δίκας
1097 1029 1153 1096 καί
1180 1027 1252 1108 τοδς
1279 1023 1406 1116 ἀγῶνας

232 1134 440 1226 γραφομένων
464 1133 565 1223 λόγων
588 1132 684 1226 δῆλός
707 1135 788 1203 ἐστιν
811 1133 982 1225 ἐμπειρίαν
1004 1135 1074 1203 τινὰ
1098 1134 1294 1225 γραμμάτιον
1318 1162 1405 1222 παρ-

233 1241 486 1310 επιδείκνυσθαι
510 1240 712 1328 βουλόμενος.
759 1240 858 1319 Quod
895 1241 934 1306 de
968 1241 1129 1307 Ciceronis
1162 1241 1337 1306 eruditione
1373 1249 1406 1306 et

232 1348 347 1413 studiis
369 1348 596 1435 philosophicis
620 1349 770 1413 iudicium
794 1356 857 1412 tam
876 1349 939 1413 late
955 1355 1043 1435 patet
1065 1356 1101 1412 ut
1116 1356 1203 1413 certa
1218 1351 1406 1434 scriptorum

232 1455 300 1520 eius
323 1456 436 1520 notitia
459 1456 501 1520 ibi
526 1478 588 1520 non
613 1463 766 1520 cernatur.
804 1453 952 1540 Singulos
976 1456 1072 1540 igitur
1093 1454 1180 1520 locos
1203 1455 1405 1541 inspiciamus

231 1560 286 1625 ubi
317 1561 502 1628 Plutarchus
533 1562 697 1627 Ciceronis
730 1561 815 1627 dicta
846 1562 983 1648 respicit.
1029 1564 1079 1627 Ac
1112 1564 1245 1649 primum
1278 1561 1405 1647 quidem

233 1667 297 1733 duo
325 1670 506 1734 testimonia
537 1668 629 1734 affert
658 1692 737 1755 quae
768 1692 808 1733 ex
832 1669 994 1734 Ciceronis
1025 1668 1065 1734 de
1095 1668 1289 1733 divinatione
1317 1669 1405 1733 libris

234 1785 360 1863 sumpta
383 1785 473 1857 sunt;
497 1799 628 1862 quorum
652 1777 740 1863 prius
763 1784 812 1841 est
835 1777 868 1840 iu
883 1779 968 1841 vitae
985 1776 1021 1841 C.
1038 1775 1214 1864 Gracchifc.
1230 1779 1262 1841 1:
1287 1774 1406 1864 ἱστορεῖ

233 1885 269 1951 δέ
302 1885 357 1951 καί
382 1885 530 1974 Κικέρων
559 1879 576 1953 ὁ
607 1884 710 1976 ῥήτωρ
743 1881 787 1965 ὡς
819 1878 882 1973 όίρα
916 1881 1061 1974 φείγοντι
1092 1889 1204 1950 πᾶσαν
1236 1876 1331 1974 ἀρχὴν
1360 1885 1405 1972 τῷ

233 2001 265 2059 Γ
262 1992 324 2080 α’ίιμ
343 1994 399 2059 καί
422 1988 500 2078 μεθ’
519 1987 648 2082 ἡσυχίας
671 1989 819 2083 ᾑρημένῳ
845 1994 901 2083 ζῆν
925 1987 1098 2081 ὁόδελφδς
1120 1985 1196 2080 όναρ
1213 1991 1328 2080 φανείς
1350 1991 1406 2059 καί

233 2091 497 2188 προσαγορεύσας
509 2096 556 2165 (τί
572 2098 671 2189 δητα,’
696 2097 788 2189 φαίη,
802 2095 905 2180 ‘fulta
929 2096 1112 2187 βραδόνειςς
1136 2093 1194 2164 οὐκ
1213 2096 1299 2165 ἔστιν
1318 2090 1405 2164 διπό-

233 2209 356 2295 δρασις,
390 2199 460 2271 ἀλλ’
493 2199 540 2284 εἷς
570 2206 628 2290 μὲν
660 2199 736 2294 ἡμῖν
769 2200 968 2295 ἀμφοτέροις
998 2202 1083 2290 βίος,
1118 2198 1165 2284 εἷς
1196 2204 1232 2271 δὲ
1263 2202 1407 2284 θάνατος

233 2307 317 2400 ὑπὲρ
339 2318 396 2380 τοῦ
420 2310 521 2398 δήμου
537 2312 802 2396 πολιτευομένοις
817 2307 1010 2402 πέπρωται.)
1047 2310 1168 2376 Eadem
1188 2310 1228 2376 de
1244 2334 1277 2376 re
1294 2311 1406 2377 Cicero

233 2419 251 2481 Ι
280 2421 335 2499 26,
370 2421 410 2483 56
451 2441 611 2505 exponens
646 2418 723 2483 haec
757 2418 850 2483 dicit:
901 2414 950 2484 ‘C.
985 2441 1061 2484 vero
1101 2418 1264 2484 Gracchus
1300 2418 1405 2483 multis

233 2524 337 2590 dixit.
354 2575 361 2590 .
377 2576 384 2590 .
401 2578 407 2590 .
424 2526 485 2590 sibi
508 2527 674 2592 insomnis
693 2534 894 2611 quaesturam
909 2536 1018 2614 petere
1039 2526 1195 2592 dubitanti
1211 2527 1260 2592 Ti.
1276 2526 1405 2590 fratrem

233 2633 337 2698 visum
360 2656 430 2698 csse
454 2631 558 2699 dicere
586 2657 678 2720 quarn
702 2635 799 2699 vellet
826 2643 1038 2714 cunctaretur,
1068 2641 1173 2699 tamen
1204 2634 1315 2698 eodem
1346 2632 1405 2696 sibi

233 2741 297 2805 leto
329 2764 391 2827 quo
423 2741 491 2828 ipse
524 2743 684 2806 interisset
718 2765 789 2807 esse
821 2734 1036 2827 pereundum?
1091 2738 1258 2800 Paululum
1290 2737 1405 2812 verbis,

234 2847 291 2912 sed
314 2849 476 2913 minimum
506 2848 599 2914 rebus
622 2848 810 2912 Plutarchus
841 2869 860 2908 a
883 2845 1034 2908 Cicerone
1065 2839 1231 2922 discrepat.
1277 2837 1403 2900 Nullius

234 2956 317 3020 enim
340 2956 405 3020 fere
430 2964 479 3020 est
501 2955 649 3041 ponderis
673 2952 757 3039 quod
786 2973 843 3037 pro
868 2948 994 3033 obliqua
1022 2945 1194 3011 orationem
1217 2951 1335 3008 rectam
1358 2944 1405 3005 in-

234 3064 316 3143 tulit,
339 3073 370 3127 et
394 3086 465 3127 cum
487 3062 536 3126 Ti.
553 3061 716 3126 Gracchus
739 3058 803 3124 leto
827 3055 980 3120 interierit
1003 3053 1104 3141 plebis
1128 3075 1254 3116 causam
1276 3056 1405 3128 tutatus,

235 3169 365 3235 eandem
398 3171 585 3235 senteutiam
618 3167 765 3253 exprimit
798 3159 882 3252 όπὲρ
912 3167 969 3231 τοῦ
1000 3160 1103 3252 δήμου
1133 3157 1405 3244 πολιτευομένοις.

234 3277 347 3361 Neque
379 3279 482 3340 minus
513 3274 675 3340 Ciceronis
706 3271 863 3336 sententia
894 3271 1047 3334 retinetur
1076 3289 1146 3330 cum
1178 3265 1214 3330 C.
1243 3263 1405 3329 Gracchus

236 3405 328 3448 omne
345 3382 505 3469 publicum
521 3402 633 3445 munus
652 3377 805 3463 refugisse
822 3374 945 3457 dicitur,
969 3376 1125 3461 quoniam,
1148 3395 1219 3436 cum
1239 3379 1407 3456 quaestura

235 3491 407 3578 legitimum
424 3489 620 3575 publicorum
643 3486 767 3549 initium
787 3492 880 3565 esset,
903 3485 956 3570 qui
972 3483 1053 3546 hanc
1067 3488 1175 3566 petere
1191 3477 1356 3542 dubitabat
1374 3479 1405 3540 in

235 3599 451 3684 magistratum
468 3594 594 3661 omnino
608 3593 715 3658 venire
727 3593 904 3657 verebatur.
920 3591 1032 3675 Itaque
1046 3586 1234 3652 Plutarchus
1244 3584 1405 3650 Ciceronis

237 3707 423 3769 auctoritate
446 3704 497 3767 hic
521 3704 620 3788 perite
644 3699 739 3765 etad
764 3699 927 3764 veritatem
952 3693 1185 3762 accommodate
1208 3715 1285 3757 usus
1308 3699 1364 3756 est.

343 3813 489 3876 Alterum
519 3809 733 3874 testimonium
763 3830 803 3872 ex
834 3806 996 3871 Ciceronis
1027 3801 1067 3866 de
1097 3800 1292 3865 divinatione
1319 3798 1405 3862 libris

237 3920 341 3985 estin
364 3919 448 3984 vitae
472 3917 601 3982 Aemilii
623 3915 715 3980 Pauli
738 3917 840 3978 c.10:
870 3913 996 3999 λέγεται
1023 3904 1057 3978 δ’
1083 3904 1180 3977 αι’·τόν
1210 3905 1404 3991 (Αἰμίλιον),

237 4025 281 4110 ὡς
303 4022 503 4121 ἀνηγορεύθη
527 4024 609 4092 κατὰ
638 4029 694 4091 τοῦ
722 4021 874 4111 Περσέως
903 4015 1091 4109 στρατηγός,
1122 4009 1189 4082 ὑπὸ
1219 4019 1275 4080 τοῦ
1305 4009 1405 4102 δήμου

237 4135 362 4216 παντὸς
393 4132 506 4202 οίκαδε
538 4129 806 4221 προπεμφθέντα
838 4128 998 4215 λαμπρῶς
1028 4120 1130 4214 εὑρεῖν
1163 4121 1201 4187 τὸ
1233 4119 1406 4207 θυγάτριον
