3086 4732
785 300 827 362 54

699 389 912 400 ...ψ-.-

326 493 471 557 Alterum
486 493 710 572 testimonium,
726 492 812 578 quod
828 496 859 556 iu
876 517 903 558 c.
918 497 958 558 26
976 501 1034 573 est,
1047 491 1182 558 ‘eandem
1198 493 1239 556 ad
1255 487 1402 579 pugnam

219 601 370 687 pertinet:
404 600 574 693 γενομένης
604 601 640 667 δὲ
668 602 726 691 τῆς
755 591 874 691 s‘cpo'dou
902 607 1040 691 πρᾶγμα
1069 598 1241 691 νεμεσητὸν
1264 607 1393 668 παθεῖν

218 709 273 776 τὸν
291 704 422 795 Μάριον
447 707 475 775 oi
500 707 579 796 περὶ
595 707 720 776 Σύλλαν
743 707 913 796 ἱστοροῦσι.
952 707 1093 772 Additur
1108 701 1245 771 Marium
1261 708 1404 793 pulvere·

220 815 320 880 effuso
343 822 540 878 occaecatum
557 813 596 877 ab
612 814 757 879 hostibus
773 816 949 895 aberrasse,
972 815 1031 879 hos
1047 805 1182 879 autemf
1183 824 1251 879 orte
1219 807 1402 878 tefomma'

218 923 250 985 in
268 922 372 986 Catuli
390 921 505 986 milites
521 920 718 1027 incidisse,
703 949 735 989 ar
759 949 789 989 o
780 951 809 1002 ς
831 919 927 1004 αυτὸς
947 950 968 1022 o
957 917 1107 1004 (Σύλλας
1121 921 1278 1006 τετάχθαι
1301 921 1392 1014 φησί,

220 1038 314 1114 atque
338 1029 383 1093 ita
412 1029 530 1130 factum
560 1051 630 1093 esse
662 1036 697 1092 ut
728 1017 789 1094 Oia
790 1029 831 1093 uli
861 1052 903 1115 po
904 1018 1060 1094 tissimum
1090 1029 1205 1093 milites
1229 1021 1403 1094 victoriam

220 1135 431 1222 adipiscerent
433 1159 477 1200 ur.
1369 1128 1386 1156 '⁷

327 1244 406 1307 Post
393 1251 525 1307 tremum
549 1243 580 1306 in
605 1265 632 1307 c.
658 1247 698 1309 35
723 1232 910 1308 Plutarchus
939 1232 1039 1308 famae
1067 1265 1130 1328 qua
1153 1242 1240 1308 Sulla
1264 1252 1299 1307 ut
1322 1242 1394 1308 Sul-

220 1353 335 1437 picium
352 1350 505 1434 effugeret
492 1350 616 1414 tMarii
639 1349 766 1414 domum
790 1341 870 1415 ferat
857 1341 908 1415 tur
926 1345 1112 1478 confugisse
1140 1351 1217 1415 haec
1244 1353 1392 1437 opponit:

220 1454 319 1538 αὐτὸς
341 1460 377 1525 δὲ
393 1455 557 1538 Σύλλας
541 1485 575 1524 εν
591 1463 658 1537 ταῖς
681 1452 851 1590 dnopvrp
813 1481 912 1544 μασιν
931 1452 975 1525 od
984 1483 1063 1551 φησι
1086 1464 1286 1549 καταφυγεῖν
1308 1455 1395 1548 πρὸς

220 1566 275 1633 τὸν
295 1553 434 1655 Μάριόν.

327 1672 477 1736 Plurat
446 1673 539 1735 etiam
569 1673 600 1734 in
627 1658 802 1736 Sullaet
757 1672 823 1735 vita
851 1672 918 1736 eius
942 1672 1235 1736 commentariorum
1260 1693 1315 1738 ves
1317 1665 1403 1757 ugia?

221 1787 381 1865 apparent.
359 1779 473 1843 tln
502 1801 527 1842 o.
551 1779 696 1843 tenim
703 1777 820 1843 Sullam
849 1769 1044 1844 aOatulo
1035 1771 1154 1844 russum
1185 1770 1393 1844 commeatum

221 1886 415 1951 advehterc
402 1893 470 1950 ttan
471 1909 521 1950 am
543 1885 692 1950 frument
669 1894 694 1949 h
710 1877 896 1972 eopiamatt
868 1886 992 1950 ttulisse
1010 1895 1115 1950 narrat
1136 1894 1176 1950 ut
1187 1887 1281 1951 etiam
1298 1877 1394 1950 Marii

221 1994 387 2073 militibus,
415 2016 484 2057 cum
509 2002 650 2078 egerent,
682 1993 871 2056 frumentum
899 1992 1132 2096 suppeditare,
1164 1990 1257 2084 εφί
1241 2022 1267 2060 ur
1295 2017 1395 2085 φησιν

222 2093 318 2181 αὐτας
341 2100 530 2185 (Σύλλας)
519 2107 652 2190 ισχνρῶς
675 2093 806 2168 ανιᾶσαι
830 2100 884 2168 τὸν
906 2100 1046 2191 Μάριον.-

329 2206 486 2271 Deinde
478 2230 558 2271 mo.
579 2212 597 2271 5
622 2206 772 2271 Sullam
764 2229 867 2293 ipsum
891 2208 1067 2293 professum
1091 2230 1161 2273 esse
1185 2197 1401 2294 comperimus

223 2337 265 2394 se,
289 2337 359 2376 cum
376 2322 553 2399 praeturam
569 2322 700 2399 peteret,
723 2305 797 2378 ideo
819 2315 976 2400 repulsam
995 2315 1105 2380 tulisse
1124 2315 1209 2400 quod
1225 2306 1395 2380 multitudo

223 2444 292 2485 eum
318 2427 408 2484 antea
432 2419 591 2484 aedilitate
621 2408 710 2506 fungi
736 2409 856 2501 vellet,¹
873 2443 945 2484 oum
974 2411 1020 2493 aba
1037 2410 1132 2486 aedili
1155 2433 1200 2486 eo'
1216 2423 1397 2508 spectacula

223 2528 461 2614 apparatissima
494 2519 649 2613 speraret,
682 2527 721 2591 de
754 2517 856 2593 cuius=
875 2543 993 2593 causae
1015 2517 1153 2594 vveritate
1184 2552 1218 2594 se
1250 2529 1395 2595 dubitare

222 2635 411 2736 Plutarchus
428 2635 578 2720 adiungit
606 2622 751 2705 Porro
742 2659 816 2700 mc
830 2635 1037 2700 61denidem
1055 2631 1194 2702 Sullae‘
1178 2665 1244 2705 varo
1244 2624 1402 2744 μνήματα

222 2730 396 2807 afferuntur
420 2751 513 2828 atque
536 2733 639 2829 primo
662 2744 731 2807 looo
743 2729 820 2807 dict
807 2751 872 2807 tum
898 2743 984 2806 illud
999 2766 1061 2827 quo
1086 2767 1120 2809 se
1143 2745 1249 2844 magis
1266 2735 1305 2808 ad
1328 2730 1394 2808 for-

221 2860 327 2914 tunam
351 2873 443 2935 quam
468 2850 523 2913 ad
531 2850 646 2914 bellum
670 2858 778 2914 natum
803 2873 872 2915 esse
895 2839 1132 2936 praedicaverit.

327 2959 475 3042 Denique
499 2957 593 3020 etiam
617 2957 805 3056 reliquae
779 2980 845 3021 erus
870 2957 954 3021 vit-ae
971 2957 1156 3022 Plutarchus
1181 2947 1286 3023 Sullae
1309 2980 1394 3022 com-

221 3073 308 3128 ment
309 3067 391 3128 arios
416 3064 562 3151 saepius
560 3051 716 3129 adhibuit
742 3067 778 3146 (o.
804 3068 854 3129 14.
880 3067 930 3129 16.
956 3068 1005 3129 17.
1031 3068 1081 3130 19.
1106 3069 1156 3130 23.
1181 3069 1232 3129 27.
1256 3069 1308 3148 28.
1334 3067 1396 3147 37),

222 3180 254 3235 et
277 3172 438 3256 probabile
463 3179 511 3235 est
534 3194 604 3236 eum
629 3159 698 3236 aliis
721 3195 845 3274 quoque
869 3171 960 3250 lociS,
987 3172 1040 3235 ubi
1069 3194 1124 3236 eos
1154 3195 1216 3236 non
1245 3173 1397 3252 nominat,

221 3278 260 3340 iis
284 3300 374 3340 usum
399 3300 477 3341 csse.
530 3279 651 3354 Quis
642 3279 700 3362 igit
701 3301 738 3341 ur
687 3277 929 3342 torediderit
957 3278 1037 3342 hacc
1063 3279 1167 3343 omnia
1190 3279 1265 3343 Plut
1266 3279 1404 3350 archum.

221 3407 284 3448 non
309 3406 347 3446 ex
371 3384 449 3468 ipsis
473 3383 534 3447 illis
558 3385 790 3448 commentariis
814 3385 956 3449 hausisse
980 3392 1012 3449 et
999 3384 1107 3449 ttabs
1085 3386 1217 3450 tinuisse
1240 3387 1316 3471 quin
1339 3409 1396 3451 eos

222 3491 399 3576 inspiceret,
420 3512 490 3553 cum
507 3498 610 3554 tamen
628 3490 668 3554 ad
684 3490 921 3556 describendam
940 3491 1045 3558 Sullae
1061 3502 1094 3558 et
1109 3493 1280 3559 adversarii
1297 3495 1404 3560 vitam

222 3598 349 3661 maximi
373 3599 524 3662 momenti
552 3601 682 3663 essent?
732 3598 827 3664 Certe
856 3599 939 3664 nulla
968 3609 1020 3665 est
1040 3623 1133 3666 causa
1156 3623 1211 3665 cur
1232 3613 1296 3666 non
1320 3623 1397 3666 oon-

222 3706 350 3768 trarium
375 3713 557 3770 statuamus.
682 3693 684 3696 ⁵
832 3693 834 3698 ¹
994 3696 997 3702 ¹
1215 3696 1217 3702 '

330 3812 444 3876 Gaium
463 3813 602 3899 Oppium
620 3813 807 3878 Plutarchus
832 3815 880 3878 bis
902 3822 1014 3878 testem
1032 3813 1160 3879 inducit.
1200 3815 1291 3879 Prior
1305 3815 1396 3880 locus

223 3930 272 3984 est
295 3921 327 3982 in
350 3919 434 3984 vitae
458 3920 602 4006 Pompeii
626 3943 651 3984 c.
666 3924 716 4000 10,
740 3922 803 4001 ubi,
826 3928 993 4010 postquam
1016 3921 1202 4008 Pompeium
1226 3921 1397 3990 crudeliter

223 4030 255 4092 in
272 4026 449 4092 Carbonem
465 4028 660 4092 consuluisse
684 4028 830 4107 narravit,
854 4031 899 4092 sic
922 4029 1040 4115 pergit:
1065 4039 1097 4097 Γ
1093 4028 1165 4111 α’ϊος
1188 4025 1224 4100 δὲ
1238 4021 1396 4111 ,Ὄππιος

224 4132 241 4204 ὃ
265 4133 428 4223 Καίσαρος
452 4131 579 4223 ἑταῖρος
601 4128 842 4223 ἀπανθρώπως
868 4137 948 4230 φησὶ
977 4137 1034 4207 καὶ
1057 4138 1182 4226 Ko'i'rup
1201 4131 1395 4227 Οὐαλλερίῳ
