3086 4732
750 292 768 352 9

649 381 862 390 —-—-—-——-—---

169 486 295 572 quidem
319 489 352 551 iu
375 487 520 552 omnibus
544 487 611 549 eius
631 485 756 572 scriptis
772 485 939 548 iuvenitur.
979 483 1073 546 Certe
1090 482 1222 546 Catonis
1245 481 1342 546 libros

170 603 237 659 tum
259 593 419 658 oblivione
443 615 571 680 prorsus
588 592 718 657 obrutos
741 591 839 655 titisse
864 590 914 654 vel
938 589 1069 676 periisse
1092 588 1260 654 nemodum
1286 588 1341 652 de-

170 702 366 766 monstravit

276 826 328 889 Ex
352 825 463 890 eodem
486 826 566 890 libro
590 833 715 910 sumpta
740 822 887 888 videntur
910 844 979 887 esse
1003 844 1083 907 quae
1099 821 1287 886 Plutarchus
1312 823 1343 884 iu

171 934 255 998 vitae
274 933 406 998 Catonis
429 955 456 996 c.
473 936 515 997 23
533 932 654 996 Socrati
672 939 704 994 et
719 931 853 995 Isocrati
869 930 1055 1016 expmbrat3
1078 927 1136 992 sed
1160 951 1196 992 ea
1213 928 1344 992 Catonis

172 1039 268 1105 verba
291 1049 416 1104 servata
438 1061 501 1104 non
525 1047 606 1103 sunt.

279 1165 446 1229 Praeterea
468 1164 590 1228 Plinius
614 1165 804 1228 mentionem
827 1164 904 1227 facit
927 1184 1034 1226 eorum
1058 1184 1138 1247 quae
1155 1160 1342 1225 Plutarchus

173 1295 189 1336 e
215 1272 345 1336 Catonis
368 1271 448 1336 libro
471 1270 511 1336 de
535 1272 655 1335 ratione
681 1293 773 1356 quam
805 1270 836 1334 in
868 1271 1028 1334 curatione
1059 1278 1091 1334 et
1120 1269 1205 1332 victu
1237 1289 1346 1352 aegro-

171 1389 274 1443 torum
302 1378 544 1443 domesticorum
572 1386 695 1442 teneret
722 1377 753 1441 in
781 1377 892 1442 eodem
917 1400 942 1441 o.
959 1380 1000 1442 23
1029 1375 1136 1440 affert:
1170 1372 1257 1464 cinni
1286 1377 1345 1464 (ιη’)

170 1483 318 1560 Κάτωνι)
343 1488 378 1553 δὲ
400 1485 617 1575 γεγραμμένον
639 1482 819 1578 ὑπόμνημα
842 1480 924 1552 εἶναι
948 1485 1001 1552 καὶ
1023 1481 1107 1571 πρὸς
1129 1489 1225 1551 τοῦτο
1241 1490 1345 1571 θερα-

171 1591 286 1662 nedem
316 1595 372 1661 καὶ
402 1595 530 1661 διαιτᾶν
562 1591 632 1674 τοὺς
662 1598 832 1672 νοσοῦντας
862 1590 946 1660 οἴκοι
975 1597 1082 1681 νῆστιν
1108 1591 1167 1676 μὲν
1190 1586 1347 1658 οὐδέποτε

172 1703 333 1792 διατηρῶν
362 1696 493 1782 οὐδένα,
526 1699 652 1789 ιριίμσν
682 1702 717 1766 δὲ
746 1698 896 1783 λαχάνοις
926 1691 945 1788 ἢ
976 1697 1155 1788 σαρκιδίοις
1185 1695 1298 1788 νήσσης
1327 1689 1346 1787 ἢ

173 1804 299 1896 φάσσης
328 1803 349 1896 ἢ
379 1804 480 1892 λαγώ·
512 1807 565 1872 καὶ
597 1807 657 1894 γάρ
688 1810 780 1873 coito
811 1812 933 1896 κοῦφον
960 1801 1045 1872 εἶναι
1074 1805 1128 1872 καὶ
1157 1802 1346 1895 πρόσφορον

174 1905 357 1996 άσδενσιῗσι,
381 1909 468 2003 πλὴν
492 1907 542 1980 ὅτι
566 1909 675 1980 πολλὰ
698 1911 866 1997 συμβαίνει
891 1919 956 1992 τοῖς
983 1914 1140 2001 ηαγοῖσιν
1164 1909 1346 1992 ε’νινινιάζε-

174 2027 275 2086 σθαι·
299 2017 431 2110 σοιαάνη
455 2021 490 2087 δὲ
520 2019 685 2110 θεραπείᾳ
708 2019 762 2086 καὶ
792 2017 899 2109 διαιίη
928 2018 1087 2107 χριόμενος
1109 2015 1261 2106 ὑγιαίνειν
1288 2019 1347 2103 μὲν

173 2122 277 2208 αἰνός,
302 2123 504 2214 δμαίνονιας
526 2128 562 2193 δὲ
587 2124 663 2206 ιοδς
686 2125 801 2194 ἑαυτοῦ
818 2125 1056 2216 διαφυλάσσειν.
1096 2125 1147 2190 De
1171 2125 1228 2189 hac
1251 2125 1348 2210 igitur

172 2255 206 2296 re
230 2232 307 2297 haee
322 2232 444 2297 Plinius
460 2233 534 2298 Nat.
550 2232 622 2297 hist.
638 2232 764 2297 XXIX
782 2236 822 2297 15
846 2241 964 2297 narrat:
986 2229 1116 2297 ‘subicit
1139 2234 1221 2297 eninr
1244 2232 1346 2316 (Cato)

172 2363 234 2424 qua
257 2338 413 2404 medicina
437 2363 471 2404 se
499 2349 531 2404 et
558 2342 723 2424 coniugem
748 2339 910 2425 usquead
938 2340 1064 2426 longam
1094 2349 1251 2405 senectam
1276 2362 1347 2426 per-

172 2446 307 2526 duxerit,
330 2447 554 2534 profiteturque
571 2470 640 2512 esse
657 2449 914 2512 commentarium
938 2447 996 2513 sibi
1017 2470 1080 2533 quo
1096 2447 1259 2511 medeatur
1274 2447 1346 2526 filio,

174 2553 289 2632 servis,
318 2551 546 2634 familiaribus‘,
577 2563 670 2640 atque
699 2557 731 2618 in
761 2553 830 2618 libri
855 2553 1020 2620 XXVIII
1044 2557 1107 2619 260
1139 2554 1199 2618 hoc
1222 2555 1345 2619 scribit:

173 2653 313 2722 ‘somnos
337 2661 403 2722 fieri
431 2660 537 2745 lepore
565 2669 690 2746 sumpto
721 2662 753 2724 in
776 2661 854 2725 cibis
878 2661 958 2726 Cato
982 2657 1208 2725 arbitrabatur?
1256 2661 1347 2726 Haec

174 2765 271 2829 verba
287 2766 441 2830 Catonern
465 2767 505 2830 ad
528 2767 624 2830 lilium
642 2768 806 2853 scripsisse
822 2767 906 2855 apud
922 2766 1115 2832 Iordanum1
1132 2767 1240 2831 videre
1263 2768 1346 2832 licet.

174 2872 362 2937 Plutarchus
386 2873 482 2958 igitur
504 2874 627 2960 plenius
652 2875 747 2939 refert
769 2898 849 2960 quae
875 2874 1006 2940 Catonis
1030 2875 1270 2939 commentarius
1294 2875 1346 2937 ille

175 2980 372 3059 continuerit,
400 2980 456 3045 sed
480 3004 560 3066 quae
584 2981 623 3045 de
647 2985 731 3046 omni
756 2985 823 3046 eius
847 2991 1031 3067 argumento
1055 2981 1132 3045 dicit
1154 3005 1224 3045 cum
1252 2982 1348 3045 Plini·
1373 3051 1381 3062 ,

175 3087 243 3150 anis
266 3086 358 3172 plane
381 3097 566 3173 congruunt.
611 3089 651 3153 In
680 3113 741 3153 una
769 3098 873 3152 tamen
896 3111 929 3152 re
957 3089 1071 3154 leviter
1094 3090 1218 3153 erravit.
1265 3088 1345 3154 Cum

174 3193 257 3257 enim
274 3194 355 3258 Cato
371 3195 552 3281 scripsisset
573 3190 675 3282 ‘lepus
699 3197 831 3260 multum
855 3198 956 3259 somni
972 3195 1064 3260 affert
1073 3192 1104 3277 ζ’
1129 3196 1229 3261 somni
1252 3219 1347 3281 geue-

173 3303 274 3366 tivum
298 3324 360 3366 non
384 3301 425 3366 ad
448 3325 608 3382 somnum,
637 3303 693 3367 sed
721 3301 762 3367 ad
791 3303 946 3367 somnium
969 3305 1145 3383 revocavit,
1175 3302 1260 3389 quod
1290 3326 1348 3390 per

174 3409 319 3474 vocabuli
342 3408 477 3473 formam
500 3433 575 3474 sane
598 3411 721 3474 licebat.
767 3411 918 3474 Attamen
942 3411 1002 3474 hoc
1022 3410 1217 3476 festinationi
1240 3413 1346 3496 potius

173 3538 267 3599 quam
290 3517 432 3582 inscitiae
456 3515 583 3580 videtur
605 3516 806 3581 tribuendum
830 3539 908 3581 esse.

281 3641 351 3706 lam
385 3663 461 3705 vero
491 3639 531 3705 ad
562 3663 632 3704 eum
662 3642 775 3705 librum
803 3651 929 3706 transeo
957 3665 1050 3728 quem
1073 3642 1113 3707 (le
1136 3645 1202 3730 agri
1225 3643 1347 3708 cultura

174 3747 214 3812 ad
239 3748 335 3812 filium
360 3747 441 3813 Cato
465 3748 600 3835 scripsit.
646 3748 707 3813 Cui
731 3748 919 3814 Plutarchus
950 3749 1076 3814 videtur
1104 3749 1219 3816 debere
1228 3756 1240 3793 ³³
1266 3773 1345 3836 quae

284 3965 291 3994 ¹
311 3964 349 4017 M.
370 3964 483 4018 Catonis
503 3969 610 4033 praeter
628 3963 729 4018 librum
749 3963 784 4018 de
803 3980 832 4016 re
851 3963 954 4017 rustica
972 3980 1042 4034 quae
1061 3970 1171 4018 exstant
1190 3982 1215 4036 p.
1237 3967 1278 4019 78.

283 4053 293 4082 ²
311 4053 354 4107 uf.
373 4052 480 4108 Jordan
499 4053 518 4106 l.
537 4052 554 4107 l.

283 4142 354 4197 ³of.
373 4142 481 4198 Jordan
500 4143 517 4196 l.
538 4142 554 4196 l.
575 4161 600 4213 p.
622 4144 663 4199 79.
