3086 4732
790 296 841 358 582

225 489 425 573 exponituru
453 488 525 552 Hoc
555 489 636 552 eniin
668 489 738 554 loco
771 489 972 569 Plutarchus,
1003 495 1169 575 postquam
1199 488 1278 552 alios
1307 488 1404 553 aliter

225 617 293 658 eam
310 617 421 659 vocem
445 594 607 660 derivasse
630 594 721 677 dixit,
744 597 788 660 sic
811 596 930 683 pergit:
955 588 1053 687 ἢόιά
1076 593 1142 677 τόν,
1156 589 1294 683 οἷγκιῖινα,
1319 597 1400 682 περὶ

224 693 260 768 ὃν
276 703 517 793 περιφέρονται.
541 706 644 771 ταῦτα
663 701 723 793 γὰρ
739 698 756 771 ό
772 697 870 790 Ἰόβας
885 701 990 796 εἴρηκε
1004 700 1187 790 γλιχόμενος
1202 701 1401 794 ἐξελληνίσαι

224 800 376 896 τοόνογια.
408 807 540 877 όόναιτο
564 806 595 877 d'
622 803 661 877 liv
685 813 740 902 τῆς
763 806 922 878 ἀνέκαθεν
946 815 1050 900 φορᾶς
1073 808 1213 898 πρῶτον
1228 807 1401 894 ἐντιόνομον

224 916 383 1003 γεγονέναι
400 944 429 984 a.
446 945 471 984 τ.
488 919 515 984 λ.
562 917 652 981 Haec
676 917 773 981 verba
795 917 876 982 hanc
900 940 993 982 unam
1017 915 1181 982 derivandi
1205 916 1400 980 rationema

224 1021 305 1087 luha
329 1025 484 1109 sumptam
509 1047 579 1088 esse
603 1023 738 1088 dilucide
754 1023 929 1090 indicautl.
967 1023 1136 1089 Praeterea
1150 1023 1300 1089 Barthius
1323 1023 1400 1087 Plu-

224 1129 369 1194 tarchum
390 1131 547 1198 Varronis
575 1140 610 1196 et
633 1131 953 1218 Dionysii->vestigiis
984 1131 1090 1196 multis
1118 1131 1196 1195 locis
1219 1153 1328 1217 presse
1351 1130 1407 1193 in-

224 1259 366 1322 gressum
382 1244 453 1302 'esse
470 1237 643 1318 existimat3
667 1238 751 1324 quod
768 1237 927 1325 quomodo
943 1240 1009 1302 lieri
1025 1239 1171 1325 potuerit,
1190 1238 1217 1302 si
1233 1237 1286 1301 ille
1301 1259 1397 1301 uuum

225 1344 336 1408 Iubam
348 1354 474 1410 secutus
487 1348 537 1426 sit,
548 1368 611 1409 uon
621 1346 821 1431 intellegitur,
833 1345 1016 1432 praesertim
1027 1347 1063 1426 si,
1076 1353 1112 1409 ut
1120 1345 1269 1409 Barthius
1280 1351 1372 1430 putat
1379 1345 1407 1424 ²,‘

225 1451 306 1515 Iuba
328 1452 518 1538 Dionysium
547 1462 579 1516 et
601 1453 781 1520 Varronem
809 1453 840 1518 in
872 1475 964 1517 usum
988 1462 1117 1518 vocatos
1140 1452 1345 1538 anrplificavit
1367 1459 1407 1515 et,

226 1558 414 1622 emendavit.
459 1559 548 1637 Quid
565 1582 640 1625 vero
664 1559 749 1644 quod
772 1559 803 1623 in
828 1565 890 1623 c.4
914 1582 1020 1624 eorum
1046 1556 1226 1624 memoriam
1250 1557 1400 1623 distinete

226 1667 272 1729 sic
286 1668 436 1730 secernit:
461 1673 626 1735 ...ταῦτα
650 1667 705 1734 καὶ
730 1663 747 1735 ὁ
771 1659 873 1752 Ἰόβας
897 1664 1043 1758 ἱστόρηκε
1067 1667 1124 1735 καὶ
1143 1663 1287 1756 Βάρρων,
1310 1665 1400 1756 πλὴν

225 1767 437 1859 ότιτοόνομα
460 1777 516 1842 τοῦ
533 1768 710 1861 ’Ἄντρωνος
728 1771 859 1863 Βόρρων
882 1767 918 1841 oi
942 1773 1106 1864 γέγραφεν,
1130 1768 1203 1842 οὐδ’
1227 1767 1294 1840 ὑπὸ
1310 1782 1400 1860 Κορ-

226 1878 335 1972 νηλίου
364 1882 446 1972 φησί
475 1883 531 1949 τοῦ
562 1879 683 1970 ἱερέως,
715 1875 784 1949 ἀλλ’
818 1879 883 1949 ὑπὸ
914 1878 1072 1968 νεωκόρον
1104 1883 1401 1970 παρακρουσθῆναι

225 1985 279 2054 τὸν
303 1991 465 2074 Sollium?
503 1988 600 2066 Quod
623 1996 727 2052 autem
752 2011 974 2074 nonnunquam
997 1986 1185 2052 Plutarchus
1208 2010 1228 2072 η
1249 1986 1400 2053 Varrone

226 2095 353 2158 omnino
376 2094 536 2180 paululum
560 2095 692 2176 recedit.
723 2096 753 2158 in
779 2118 817 2160 eo
840 2118 903 2159 non
927 2103 976 2160 est
999 2117 1061 2181 quo
1086 2092 1296 2174 offendamur3
1326 2115 1400 2156 nam

226 2208 376 2264 nontam
400 2201 582 2287 diligentem
606 2225 677 2266 eum
701 2203 732 2264 in
756 2202 882 2266 utendis
905 2202 1085 2266 auctoribus
1107 2201 1208 2266 fuisse
1224 2199 1399 2265 identidem

226 2306 363 2370 vidimus
387 2309 423 2370 ut
445 2309 550 2372 omnia
572 2308 613 2373 ad
636 2309 786 2372 amussim
810 2311 1006 2394 exprimeret.

302 2417 304 2425 ‘
332 2413 437 2478 Multo
468 2414 589 2478 cautius
620 2413 660 2478 de
691 2414 800 2479 eadem
828 2416 1011 2500 quaestione
1040 2415 1216 2502 disputavit
1238 2414 1400 2480 Glaes'ser.

225 2519 291 2597 Qui
315 2543 501 2606 quamquam
517 2521 681 2587 Barthium
706 2545 800 2608 saepe
823 2523 1014 2608 argumentis
1037 2546 1148 2610 parum
1170 2522 1265 2586 firmis
1289 2522 1399 2585 nixum

226 2635 381 2692 essenon
405 2629 668 2712 ignorat‚tameu
698 2629 730 2693 in
759 2630 868 2694 eadem
893 2630 942 2694 est
965 2632 1128 2694 sententia.
1175 2628 1399 2715 Compluribus

227 2736 322 2820 igitur
343 2736 420 2818 locis
436 2737 639 2801 Plutarchum
655 2737 795 2804 Varroni
820 2737 957 2802 tribuere
981 2736 1144 2802 contendit
1163 2759 1243 2822 quae
1266 2758 1300 2800 re
1323 2757 1399 2800 vera

225 2842 324 2907 Iubae
348 2844 419 2907 sint.
466 2842 529 2908 Sed
553 2843 613 2907 hoc
636 2842 758 2908 idoneis
783 2845 934 2930 exemplis
958 2867 1021 2907 non
1045 2843 1274 2908 demonstravit
1294 2863 1393 2926 neque

225 2948 396 3036 quidquam
426 2951 512 3015 valet
541 2949 626 3036 quod
655 2951 821 3014 Barthium
851 2951 910 3014 hoc
939 2949 1201 3016 animadvertisse
1224 2949 1314 3029 dicit,
1342 2947 1403 3033 qui.

225 3056 379 3142 quidquid
403 3080 421 3121 a
444 3057 543 3122 Iubae
567 3055 735 3150 ὁμοιότησι
760 3059 867 3143 quales
891 3060 960 3144 ipse
983 3058 1043 3123 sibi
1062 3059 1153 3121 finxit
1175 3080 1238 3122 nou
1262 3057 1400 3120 alienum

226 3172 284 3243 est,
314 3163 346 3228 id
369 3164 442 3228 huic
465 3165 665 3230 tribuendum
689 3189 759 3230 esse
783 3167 850 3230 sine
873 3163 1239 3229 crrnctatione'affirmat.
1284 3163 1407 3249 Neque

226 3269 252 3333 si
276 3291 310 3332 re
334 3292 409 3334 vera
431 3272 618 3336 Plutarchus
646 3272 761 3336 alicubi
785 3272 950 3354 Varronis
969 3281 1002 3354 et
1028 3272 1128 3337 Iubae
1150 3271 1331 3337 testimonia
1355 3271 1409 3334 ita.

226 3375 431 3456 confudisset,
453 3377 513 3441 hoe
536 3385 599 3440 tam
624 3380 736 3441 mirum
760 3386 845 3442 esset
868 3388 903 3442 ut
921 3379 1065 3443 omnibus
1089 3379 1166 3443 loeis
1182 3377 1267 3450 idem
1282 3377 1403 3442 fecisse

226 3491 311 3548 esset
340 3483 576 3549 existimandus,
628 3485 673 3548 Et
701 3484 785 3571 qnod
817 3486 1003 3550 Plutarchus
1034 3487 1135 3551 tribus
1164 3485 1243 3550 locis
1274 3485 1399 3549 illorum

226 3592 322 3656 verba
349 3592 561 3657 contaminata
590 3592 734 3679 protulit,
764 3592 836 3658 inde
868 3594 995 3658 minime
1024 3615 1219 3679 consequens
1249 3601 1300 3657 est
1326 3615 1401 3656 enm

334 3791 343 3820 ¹
362 3790 426 3860 Ipse
442 3790 572 3844 Barthius
591 3790 705 3844 diversis
719 3790 879 3844 auctoribus
890 3789 1070 3844 Plutarchum
1086 3789 1113 3842 in
1124 3789 1182 3842 vita
1191 3789 1301 3842 Numae
1316 3803 1399 3841 usum

225 3895 283 3932 esse
302 3879 428 3932 coneedit
446 3898 472 3949 p.
493 3881 539 3935 26:
565 3882 642 3934 ‘cum
660 3881 821 3934 necessitate
840 3879 960 3950 quadam
975 3879 1068 3933 coacti
1086 3895 1182 3932 sumus
1200 3883 1234 3931 ut
1252 3881 1400 3947 utramque

225 3968 492 4038 argumentationem
512 3971 639 4039 (quarum
659 3968 746 4022 altera
764 3969 800 4022 ad
818 3969 865 4023 vit.
886 3967 972 4022 Num.
990 3986 1012 4022 o.
1031 3965 1061 4034 Ι,
1072 3967 1159 4022 altera
1178 3966 1213 4021 ad
1232 3985 1256 4035 c,
1275 3967 1398 4024 4.8.11.

226 4059 267 4112 14.
288 4057 322 4111 22
341 4057 470 4126 pertinet)
489 4075 503 4111 e
523 4056 637 4112 diversis
656 4057 781 4112 fontibus
799 4057 927 4116 haustam
942 4070 1004 4119 'csse
1023 4057 1216 4120 conficiamus?
1298 4071 1300 4076 ’

333 4146 343 4178 ²
362 4146 393 4202 L.
412 4144 429 4200 l.
449 4163 475 4219 p.
496 4146 538 4202 39.
