3086 4732
811 329 852 393 18

243 527 318 593 talin
348 528 495 613 leguntur
526 527 558 589 in
591 527 677 590 exitu
709 548 735 589 c.
760 529 794 606 9,
835 547 873 589 ea
905 547 945 589 ex
977 524 1190 610 compluribus
1222 523 1418 588 orationibus

244 635 392 700 videntur
422 633 598 719 composita
628 654 713 712 esse,
750 633 898 718 quoniam
928 631 1075 696 Tiberius
1109 654 1161 711 ea,
1196 633 1343 716 quotiens
1375 629 1418 694 ad

243 742 369 828 plebem
391 740 511 804 diceret
533 733 652 823 (ὁπότε
667 793 674 806 .
692 791 699 807 .
716 791 724 806 .
744 740 830 826 λόγοι
854 741 933 828 περὶ
958 743 1019 806 τῶν
1041 737 1216 830 πενήτων),
1246 737 1418 824 protulisse

244 848 368 912 dicitur

348 954 419 1018 Iam
447 962 574 1017 transeo
603 953 644 1017 ad
672 952 854 1032 Caesarem,
885 954 974 1016 cuius
1004 951 1044 1016 de
1070 951 1155 1016 bello
1178 950 1303 1016 Gallico
1331 973 1419 1014 com-

243 1061 387 1125 mentarii
418 1061 517 1124 semel
547 1069 670 1124 tautum
701 1068 987 1124 commemorantur
1017 1061 1050 1122 in
1082 1059 1151 1123 eius
1183 1061 1267 1123 vitae
1300 1081 1325 1121 o.
1355 1062 1417 1122 22:

243 1170 320 1257 περὶ
350 1170 387 1236 δὲ
416 1169 474 1256 τὴς
505 1165 591 1256 πρὸς
618 1165 750 1248 τούτους
779 1167 942 1252 (Usipetes
972 1175 1005 1230 et
1031 1166 1216 1248 Tencteros)
1246 1165 1419 1257 γενομένης

241 1273 345 1366 μόχης
359 1269 377 1343 δ
392 1277 451 1360 μὲν
466 1282 596 1362 Καῖσαρ
619 1275 654 1342 ἐν
676 1281 746 1354 τοῖς
769 1273 941 1364 ε’(γτγμερίσι
965 1273 1120 1362 γε’γραιγεν
1143 1267 1188 1352 ὡς
1211 1272 1240 1340 oi
1257 1270 1418 1360 βάρβαροι

241 1380 550 1471 διαπρεσβευόμενοι
574 1379 657 1469 πρὸς
680 1375 777 1448 αι’·τδν
801 1379 835 1448 ἓν
858 1383 1019 1460 σπονδαῖς
1042 1381 1217 1447 ἐπιθοῖντο
1240 1375 1320 1446 ναθ)
1343 1376 1420 1447 ὁδόν

242 1490 299 1556 ναὶ
316 1487 372 1557 διὰ
387 1495 478 1557 τοῦτο
494 1490 669 1577 τρέψαιντο
687 1488 763 1568 τούς
777 1483 877 1555 ‹zi-cot
892 1486 1173 1571 πεντακισχιλίους
1186 1481 1280 1567 όντας
1295 1484 1420 1567 ἱππεῖς

243 1588 444 1675 ὀκτακοσίοις
480 1602 551 1676 τοῖς
588 1594 718 1662 ἐνείνιον
751 1592 797 1686 μὴ
833 1597 1099 1682 προσδονεῦντας·
1136 1589 1206 1661 εἶτα
1244 1594 1419 1682 πέμψειαν

242 1701 366 1791 ἑτέρους
387 1701 475 1790 πρὸς
495 1697 594 1770 αὐτόν
610 1691 712 1782 αὖθις
726 1702 969 1784 ἐξαπατῶντας,
993 1693 1047 1782 οἳς
1070 1700 1237 1784 κατασχών
1256 1700 1416 1788 ἐπαγάγοι

242 1817 309 1890 τοῖς
339 1807 517 1898 βαρβάροις
547 1808 585 1876 τὸ
618 1808 802 1896 στράτευμα
833 1805 891 1898 τὴν
922 1808 1007 1896 πρὸς
1038 1805 1137 1888 οὕτως
1170 1803 1330 1887 ἀπίστους
1360 1808 1416 1874 καὶ

244 1914 500 2007 παρασπόνδους
526 1915 640 1983 πίστιν
667 1911 823 2006 εὐήθειαν
846 1912 1028 2004 ἡγούμενος.
1073 1915 1148 1992 Qua
1174 1913 1215 1979 de
1242 1937 1276 1978 re
1300 1914 1419 1979 Caesar

243 2023 299 2091 IV
324 2027 364 2087 12
388 2032 422 2087 et
450 2027 491 2088 13
519 2025 680 2108 exposuit,
709 2032 804 2107 atque
834 2024 866 2085 in
896 2044 922 2086 c.
948 2026 988 2086 12
1016 2022 1146 2107 quidem
1173 2021 1251 2086 haec
1274 2021 1415 2107 scripsit:

243 2125 289 2194 ‘at
303 2129 424 2194 .hostes
455 2129 508 2193 ubi
538 2130 674 2214 primum
702 2137 828 2192 nostros
858 2129 979 2213 equites
1008 2139 1253 2214 conspexerrmt,
1284 2151 1416 2214 quorum

245 2245 313 2300 erat
328 2236 466 2320 quinque
481 2235 601 2298 milium
617 2257 775 2315 numerus,
798 2257 870 2299 cum
892 2236 953 2321 ipsi
974 2258 1037 2299 non
1061 2236 1195 2321 amplius
1219 2237 1413 2321 octingentos

245 2344 368 2427 equites
390 2341 555 2421 haberent,
585 2340 671 2426 quod
700 2343 723 2405 ii
749 2343 803 2427 qui
826 2341 1041 2407 frumentandi
1064 2365 1159 2407 eausa
1181 2352 1268 2407 trans
1291 2343 1413 2407 Mosam

245 2449 380 2534 profecti
402 2447 543 2512 nondum
564 2447 732 2527 redierant,
755 2449 834 2512 nihil
856 2449 1040 2514 timentibus
1062 2452 1188 2529 nostris,
1213 2449 1300 2535 quod
1320 2447 1415 2532 legati

246 2578 354 2620 eorum
376 2555 471 2642 paulo
494 2563 567 2620 ante
590 2577 608 2619 a
632 2554 767 2620 Caesare
790 2555 1002 2622 discesserant
1024 2566 1119 2643 atque
1144 2555 1171 2620 is
1194 2557 1263 2622 dies
1286 2555 1417 2621 indutiis

246 2670 314 2728 erat
335 2663 375 2728 ab
398 2662 447 2727 his
469 2665 602 2749 petitus,
631 2662 751 2749 impetu
781 2663 866 2728 facto
893 2665 1036 2728 celeriter
1064 2673 1190 2728 nostros
1214 2664 1419 2751 perturbave-
1529 2713 1530 2722 ι

245 2779 332 2850 runt;
364 2793 472 2835 rursus
504 2770 543 2834 iis
570 2771 791 2835 resistentibus
819 2770 1047 2836 consuetudine
1080 2794 1137 2836 sua
1169 2771 1210 2836 ad
1236 2769 1334 2857 pedes
1363 2769 1419 2832 de-

246 2878 400 2942 siluerunt
434 2876 652 2962 subfossisque
693 2879 782 2961 equis
816 2878 1092 2963 compluribusque
1130 2880 1247 2944 nostris
1285 2874 1416 2940 deiectis
1529 2903 1530 2924 ι

246 2984 383 3070 reliquos
406 2983 439 3046 in
461 2983 568 3067 fugam
591 2983 793 3048 coniecerunt
819 2993 913 3070 atque
944 2987 989 3049 ita
1011 2989 1195 3071 perterritos
1224 2991 1357 3070 egerunt
1383 2989 1420 3046 ut

246 3113 310 3155 non
332 3091 419 3176 prius
442 3090 519 3175 fuga
541 3089 732 3156 desisterent
759 3114 851 3176 quam
880 3094 913 3156 in
936 3103 1138 3179 conspectum
1161 3092 1295 3176 agminis
1318 3089 1420 3154 nostri

247 3193 426 3262 venissent?
463 3196 590 3262 Deinde
606 3198 732 3278 Caesar,
755 3207 923 3284 postquam
946 3199 1092 3264 decoram
1114 3198 1240 3261 Pisonis
1263 3195 1417 3278 Aquitani
1529 3189 1530 3260 ἶ

247 3312 280 3369 et
301 3303 406 3368 fratris
434 3303 502 3368 eius
529 3311 663 3369 mortem
685 3307 837 3387 narravit,
868 3307 901 3369 in
923 3329 949 3370 c
974 3311 1015 3372 13
1045 3303 1121 3391 quid
1150 3303 1182 3365 in
1209 3301 1318 3364 hostes
1346 3321 1419 3385 por-

247 3414 333 3476 iuros
356 3411 548 3475 consuluerit
571 3411 714 3497 exponit,
743 3434 823 3497 quae
851 3416 956 3477 omnia
982 3410 1169 3477 Plutarchus
1196 3431 1261 3473 uon
1289 3429 1419 3494 expres-

248 3521 308 3600 sit;
344 3526 504 3604 postremo
543 3520 589 3582 sic
623 3519 742 3604 pergit:
782 3515 1064 3606 ‘opportunissima
1097 3541 1149 3584 res
1183 3515 1300 3583 accidit
1333 3515 1420 3601 quod

248 3625 401 3714 postridie
429 3625 496 3690 eius
524 3623 588 3689 diei
617 3647 708 3690 mane
737 3626 846 3692 eadem
874 3637 907 3692 et
933 3626 1065 3714 perfidia
1092 3635 1125 3691 et
1147 3625 1347 3691 simulatione
1369 3623 1419 3686 usi

249 3732 399 3798 Germani
422 3732 603 3817 frequentes
627 3734 771 3799 omuibus
795 3735 990 3821 principibus
1009 3733 1243 3819 maioribusque
1266 3739 1343 3796 natu
1364 3727 1420 3793 ad-

247 3840 356 3906 hibitis
388 3838 429 3903 ad
462 3862 532 3904 eum
565 3841 597 3904 iu
629 3851 731 3906 castra
761 3850 928 3920 venerunt,
960 3841 1066 3921 simul,
1098 3851 1135 3904 ut
1162 3840 1339 3916 dicebatur,
1370 3836 1420 3899 sui

248 3946 403 4036 purgandi
418 3969 522 4026 causa,
544 3947 630 4033 quod
645 3958 753 4013 contra
773 3957 866 4034 atque
889 3958 975 4013 esset
989 3947 1108 4012 dictum
1132 3955 1165 4012 ot
1187 3947 1250 4031 ipsi
1265 3945 1422 4030 petissent

249 4055 402 4143 proelium
431 4053 532 4140 pridie
563 4056 808 4135 commisissent,
840 4055 932 4119 simul
959 4066 1009 4137 ut,
1041 4058 1068 4120 si
1098 4052 1175 4139 quid
1203 4058 1348 4138 possent,
1380 4047 1421 4112 de

249 4163 379 4228 indutiis
402 4160 542 4226 fallendo
570 4163 781 4247 impetrarent
812 4186 891 4248 quos
919 4165 980 4229 sibi
1004 4164 1122 4229 Caesar
1144 4160 1269 4224 oblatos
1291 4155 1420 4239 gavisus
