3086 4732
664 318 705 380 35

579 409 792 416 *—

97 517 274 598 potaretur,
301 510 354 596 qui
379 533 449 575 eum
473 505 656 596 charybdim
682 533 825 576 voracem
850 510 1035 597 appellavit,
1065 510 1151 597 quod
1175 513 1272 598 patri-

97 619 238 683 monium
261 640 318 704 per
339 618 493 682 luxuriam
518 616 697 682 effudisset.
741 618 832 696 Quas
856 617 971 683 deinde
994 618 1183 684 Plutarchus
1207 642 1272 684 me-

97 734 201 790 morat
223 722 421 816 κυλινδήσεις
444 725 478 792 ἐν
501 724 651 812 γυναίοις,
676 725 736 790 hoc
758 725 960 812 opprobrium
984 725 1068 812 apud
1086 725 1272 791 Ciceronem

98 831 272 898 identidem
288 832 475 912 invenimus,
498 832 651 918 imprimis
668 835 720 913 28,
733 834 785 912 69,
808 833 862 898 ubi
881 833 920 897 de
936 833 1066 898 mimula
1080 834 1272 899 mentionem

97 940 189 1017 tacit,
219 961 312 1024 quam
342 961 413 1002 cum
443 961 557 1024 magna
585 939 757 1004 acerbitate
787 962 860 1005 suas
890 962 940 1004 res
964 940 1025 1006 sibi
1054 940 1170 1006 habere
1200 964 1272 1005 eum

98 1047 231 1111 iussisse
259 1045 344 1110 dicit
393 1046 559 1111 Postremo
587 1046 774 1111 Plutarchus
802 1047 1057 1112 comissationum
1085 1049 1164 1114 facit
1185 1072 1273 1115 men·

10 1159 11 1164 ’
98 1155 232 1234 tionem,
260 1175 330 1216 cum
354 1153 400 1217 sic
422 1154 540 1239 pergit:
579 1154 701 1241 λέγεται
733 1160 808 1242 γοῦν
831 1150 876 1236 ὡς
898 1155 931 1222 ἐν
953 1149 1089 1224 Ἱππίου
1111 1159 1274 1226 ποτέτοῦ

97 1261 201 1348 μίμου
233 1257 349 1348 γάμοις
376 1258 541 1342 ἑστιαθεὶς
570 1261 626 1329 καὶ
657 1259 747 1329 πιών
776 1259 832 1329 διὰ
860 1261 972 1342 νυκτὸς
1000 1258 1072 1330 εἶτα
1100 1267 1191 1352 πρωῒ
1217 1271 1274 1332 τοῦ

98 1366 203 1459 δήμου
227 1369 401 1447 καλοῖντος
416 1366 464 1448 εἷς
480 1362 598 1457 ἀγορὰν
613 1368 792 1459 παρελθών
807 1367 855 1436 ἔτι
871 1373 993 1460 τροφῆς
1006 1368 1123 1456 μεστὸς
1138 1371 1273 1456 ἐμεσειε.

98 1474 246 1539 Eandem
268 1497 333 1539 rem
358 1473 470 1539 Cicero
495 1478 547 1553 25,
564 1476 605 1540 63
630 1476 676 1539 sic
700 1483 820 1540 narrat:
854 1470 901 1540 ‘tu
931 1477 1001 1541 istis
1031 1477 1174 1543 faucibus
1204 1485 1274 1542 tan-

98 1591 166 1646 tum
190 1581 258 1645 vini
280 1582 313 1644 in
336 1581 476 1668 Hippiae
499 1583 617 1668 nuptiis
641 1583 830 1648 exhauseras
854 1592 890 1647 ut
906 1584 964 1648 tibi
981 1607 1110 1650 necesse
1134 1594 1220 1650 esset
1242 1585 1273 1650 in

101 1689 211 1776 populi
240 1689 376 1753 Romani
406 1697 576 1776 conspectu
612 1712 740 1754 vomere
772 1687 944 1776 postridie'
998 1692 1079 1757 Cum
1109 1694 1206 1778 igitur
1234 1693 1274 1757 ad

105 1794 326 1861 describendos
351 1796 483 1860 Antonii
506 1818 609 1860 mores
633 1796 822 1861 Plutarchus
839 1797 1002 1863 Ciceronis
1022 1799 1207 1864 auctoritate
1230 1801 1275 1864 ita

105 1910 213 1966 utatur
234 1911 266 1966 ut
288 1903 476 1988 aliquotiens
500 1905 594 1967 etiam
619 1904 686 1967 eius
702 1903 800 1967 verba
822 1905 855 1966 in
879 1925 969 1968 usum
994 1927 1084 1968 suum
1101 1913 1275 1986 convertat,

107 2033 178 2074 eum
200 2010 298 2096 ipsam
321 2010 402 2075 hanc
430 2010 603 2074 orationem
630 2010 745 2094 legisse
773 2009 857 2074 haud
880 2018 998 2076 temere
1022 2013 1179 2077 coniicias.
1224 2014 1275 2077 Ac

104 2119 214 2181 mirum
245 2118 387 2204 profecto
418 2126 516 2196 esset,
546 2117 571 2182 si
602 2116 790 2182 Plutarchus
821 2140 889 2182 eam
918 2120 1091 2183 orationem
1121 2120 1275 2206 inspicere

101 2225 264 2290 omisisset
294 2247 374 2310 quae
410 2225 617 2310 largissimam
654 2223 694 2289 ad
732 2248 800 2290 eam
837 2225 1081 2314 descriptionem
1113 2229 1276 2293 materiam

100 2333 276 2419 praeberet
322 2332 472 2396 Ceterum
495 2333 590 2396 etiam
612 2333 681 2397 aliis
710 2333 851 2399 eiusdem
876 2336 959 2400 vitae
986 2335 1063 2400 locis
1087 2336 1276 2401 Plutarchus

101 2439 246 2505 eiusdem
277 2440 426 2504 orationis
454 2441 607 2504 rationem
635 2440 781 2521 habuit1;
814 2465 893 2526 quos
924 2451 1041 2523 tamen,
1070 2466 1139 2508 oum
1164 2444 1277 2509 Cicero

101 2547 288 2612 nominatim
310 2569 372 2611 non
397 2547 598 2632 significetur,
621 2550 845 2633 praetermitto.

210 2654 280 2718 Iam
304 2661 430 2718 transeo
453 2652 494 2718 ad
517 2675 586 2717 eam
602 2654 776 2717 orationem
799 2676 892 2739 quam
909 2653 1022 2719 Cicero
1046 2663 1119 2741 post
1140 2656 1276 2720 reditum

104 2763 137 2826 in
162 2768 274 2826 senatu
296 2760 421 2841 habuit,
444 2783 484 2825 cx
500 2783 562 2846 qua
578 2759 766 2825 Plutarchus
782 2760 814 2823 in
831 2760 915 2826 vitae
932 2760 1095 2826 Ciceronis
1111 2785 1138 2826 o.
1152 2767 1193 2826 33
1218 2763 1277 2825 hoc

104 2869 243 2956 profert:
268 2866 331 2961 ἔφη
355 2867 415 2958 γὰρ
434 2863 468 2952 (ὁ
481 2869 643 2958 Κικέρων)
667 2863 762 2936 αὑτὸν
785 2867 934 2935 ἐπὶτῶν
956 2860 1053 2954 aliptae
1068 2868 1126 2958 τὴν
1138 2864 1278 2935 Ἰταλίαν

106 2976 265 3067 φέρουσαν
293 2974 340 3056 εἷς
367 2973 423 3066 τὴν
446 2972 569 3067 Ῥώμην
596 2974 794 3063 clemencia.
848 2975 961 3040 Cicero
984 2976 1068 3039 enim
1093 2980 1144 3056 15,
1157 2978 1198 3040 39
1222 2975 1282 3039 hoc

105 3082 282 3170 praedicat:
317 3079 342 3147 ‘.
356 3131 388 3148 ..
410 3105 480 3146 cum
504 3104 553 3146 me
678 3082 773 3146 Italia
795 3090 908 3146 cuncta
931 3104 1030 3168 paene
1054 3083 1120 3146 suis
1143 3082 1281 3152 humeris

105 3186 291 3276 reportarit}
317 3212 397 3275 quae
421 3188 519 3254 verba
541 3189 611 3275 ipsa
626 3187 813 3253 Plutarchus
831 3187 954 3254 Graece
977 3191 1200 3276 interpretatus
1224 3199 1282 3255 est.

108 3297 173 3362 Sed
197 3320 268 3361 cum
290 3296 351 3361 hoc
366 3295 484 3360 dictum
508 3296 570 3361 tale
594 3296 637 3360 sit
660 3303 695 3359 ut
712 3295 806 3360 facile
822 3305 1027 3382 pervagatum
1044 3306 1077 3361 et
1092 3297 1283 3364 celebratum

106 3405 174 3469 fieri
197 3404 345 3491 potuerit,
368 3428 443 3467 num
467 3427 506 3468 ex
529 3405 598 3490 ipsa
621 3404 761 3469 oratione
784 3404 973 3469 Plutarchus
1001 3402 1034 3468 id
1058 3408 1228 3492 sumpserit
1250 3408 1282 3468 in

108 3511 213 3576 medio
236 3511 476 3596 relinquendum
499 3510 727 3576 videturesse.

215 3619 307 3684 Haec
331 3627 405 3684 sunt
434 3641 472 3682 ea
501 3619 681 3683 testimonia
709 3640 788 3703 quae
814 3626 849 3681 ut
876 3640 946 3682 cum
971 3618 1133 3683 Ciceronis
1158 3617 1282 3702 scriptis

108 3727 284 3791 conferrem
308 3726 383 3790 mihi
406 3725 553 3810 contigit3
583 3724 640 3790 sed
668 3725 763 3788 etiam
786 3725 944 3789 nonnullis
972 3725 1042 3788 aliis
1069 3724 1146 3788 locis
1170 3723 1283 3788 Cicero

109 3842 219 3898 auctor
241 3834 369 3913 citatur,
399 3833 454 3918 qui
483 3842 537 3896 aut
565 3832 604 3897 ad
635 3831 732 3896 libros
760 3832 814 3916 qui
841 3831 956 3916 integri
979 3833 1096 3896 servati
1123 3853 1186 3895 non
1210 3840 1284 3896 sunt

109 3941 270 4028 pertinent
292 3949 348 4005 aut
370 3940 448 4004 nihil
471 3941 532 4004 nisi
556 3938 679 4026 singula
702 3939 803 4003 facete
827 3936 912 4002 dicta
935 3939 1105 4003 continent.
1143 3939 1283 4003 Primum

219 4175 228 4204 ¹
247 4173 290 4228 cf.
310 4174 391 4228 Peter
409 4173 427 4226 l.
446 4173 463 4226 l.
483 4190 509 4242 p.
531 4173 590 4225 143.
