3086 4732
773 231 817 292 40

315 423 442 489 Deinde
464 425 497 488 in
521 422 662 488 eiusdem
685 424 770 489 vitae
793 446 819 488 c.
835 427 878 488 24
901 422 1103 502 PlutarehnS‚
1128 430 1296 508 postquam
1318 421 1384 486 cla-

209 532 281 596 dem
312 531 370 596 Cn.
393 531 501 597 Fulvii
529 533 730 611 memoravit,
759 531 887 595 Livium
915 537 1075 594 auctorem
1097 531 1190 594 citat:
1229 527 1382 615 ἔπεμψεν

210 639 444 726 (Μάρκελλος)
477 636 526 719 είς
555 633 675 729 Ῥώμην
703 636 876 727 γράμματα
906 638 979 718 τοὺς
1009 635 1150 716 πολίτας
1178 639 1383 725 παρακαλῶν

208 753 364 836 θαρρεῖν·
402 742 498 827 αὐτὸς
534 745 594 834 γὰρ
631 739 692 836 ἤδη
728 744 890 831 βαδίζειν,
930 740 975 825 ῶς
1006 736 1160 834 οῖφὲλοιτο
1192 743 1249 833 τὴν
1280 743 1384 832 χαρὰν

209 848 367 940 Ἀννίβου.
410 854 466 920 καὶ
503 855 605 920 ταῖτα
641 853 702 938 μὲν
732 846 896 938 ὃΛίβιός
927 875 1026 944 φησιν
1055 844 1304 939 ἀναγνωσθέντα
1340 851 1383 917 τὰ

210 959 384 1050 γράμματα
409 960 455 1049 μὴ
482 962 540 1050 τῆς
561 957 667 1052 λύπης
689 954 838 1050 ἀφελεῖν,
868 954 951 1026 ἀλλὰ
977 961 1024 1048 τῶ
1051 955 1146 1048 φόβῳ
1173 964 1382 1046 προσθεῖναι,

210 1073 275 1135 τῶν
296 1062 458 1153 Ῥωμαίων
480 1069 593 1152 μεῖζον
616 1061 798 1157 ἡγουμένων
826 1069 882 1134 τοῦ
911 1064 1074 1154 γεγονότος
1103 1062 1139 1133 τὸ
1162 1064 1384 1150 κινδυνευόμε-

211 1202 264 1243 νον
295 1169 361 1262 ὅσῳ
394 1172 556 1260 Φουλβίου
585 1171 736 1259 κρείττων
765 1162 804 1263 ἦν
833 1170 1033 1261 Μάρκελλος.
1085 1172 1138 1236 De
1167 1171 1217 1236 his
1239 1171 1384 1236 Marcelli

211 1283 324 1347 litteris
347 1281 461 1345 Livius
483 1279 629 1348 XXVII
653 1284 682 1360 2,
707 1283 724 1344 l
746 1302 813 1364 sqq.
837 1281 914 1344 haec
936 1278 1045 1344 habet:
1079 1275 1264 1343 ‘Marcellus
1280 1326 1383 1343 .....

211 1390 332 1454 litteras
363 1389 498 1452 Romam
527 1386 569 1451 ad
597 1395 741 1450 senatum
770 1385 811 1450 de
841 1386 921 1451 duce
951 1395 984 1450 et
1013 1387 1153 1451 exercitu
1184 1385 1226 1450 ad
1257 1385 1384 1450 Herdo-

212 1519 303 1561 neam
327 1498 443 1559 amisso
466 1494 589 1574 scribit;
618 1501 757 1558 ceterum
788 1493 923 1558 eundem
950 1515 985 1558 se
1012 1495 1067 1579 qui
1089 1502 1164 1580 post
1185 1493 1384 1559 Cannensem

214 1625 351 1691 pugnam
380 1602 517 1666 ferocem
545 1600 680 1665 victoria
701 1599 916 1666 Hannibalem
942 1600 1141 1665 contudisset
1162 1601 1208 1664 ire
1230 1599 1384 1664 adversus

214 1691 286 1775 enni
308 1709 438 1774 brevem
461 1707 507 1772 illi
529 1708 680 1772 laetitiam
703 1731 765 1794 qua
787 1708 909 1772 exultet
929 1707 1094 1772 facturum.
1118 1717 1151 1772 et
1172 1708 1293 1772 Romae
1316 1707 1386 1792 qui-

214 1816 286 1883 dem
317 1839 389 1881 curn
418 1816 521 1880 luctus
550 1816 661 1900 ingens
691 1837 732 1879 ex
763 1815 933 1901 praeterito
962 1823 1030 1879 tum
1059 1816 1154 1878 timor
1182 1815 1215 1878 in
1243 1815 1385 1878 futurum

214 1918 300 1989 erat’
368 1923 475 2001 Quam
512 1923 597 1987 Livii
636 1923 846 1987 narrationem
883 1921 1087 1987 Plutarchum
1126 1922 1204 1986 satis
1242 1929 1386 1986 accurate

213 2030 391 2096 reddidisse
414 2032 516 2116 primo
539 2029 651 2094 obtutu
674 2029 863 2115 perspicitur
870 2054 879 2108 ;
902 2029 1060 2093 simillima
1082 2029 1165 2093 enim
1193 2036 1268 2092 sunt
1289 2028 1388 2093 verba

215 2131 312 2218 αὐτὸς
338 2137 398 2226 γὰρ
429 2129 490 2228 ἤδη
515 2136 674 2223 βαδίζειν,
702 2130 746 2216 ῶς
769 2132 921 2226 ἀφέλοιτο
955 2134 1013 2227 τὴν
1045 2135 1146 2226 χαρὰν
1174 2132 1322 2222 Ἀννίβου
1354 2143 1388 2198 et

214 2245 301 2310 Livii
327 2242 478 2308 ‘eundem
507 2265 541 2306 se
570 2243 616 2306 ire
645 2240 798 2306 adversus
828 2264 899 2306 eum
928 2243 1057 2307 brevem
1088 2243 1116 2306 ei
1145 2242 1298 2306 laetitiam
1324 2264 1387 2326 qua

215 2352 337 2417 exultet
358 2345 542 2429 facturum';
575 2356 737 2435 praeterea
765 2348 952 2413 Plutarchus
982 2350 1101 2414 insistit
1126 2349 1213 2414 Livii
1243 2347 1387 2434 vestigiis

215 2482 287 2522 cum
314 2458 353 2521 iis
385 2457 499 2520 litteris
531 2456 670 2520 recitatis
702 2455 843 2520 dolorem
874 2478 938 2520 non
970 2457 1142 2537 sublatum,
1174 2454 1232 2520 sed
1260 2464 1388 2520 auctum

215 2565 369 2630 Romanis
398 2564 543 2628 timorem
573 2586 643 2628 esse
675 2563 753 2627 dicit
760 2588 768 2644 ;
801 2586 872 2628 nam
906 2566 1024 2650 pariter
1054 2564 1167 2628 Livius
1199 2564 1318 2628 luctum
1350 2585 1388 2627 ac

216 2675 359 2737 timorem
383 2673 535 2737 Romanis
563 2671 683 2735 illatum
707 2693 777 2736 esse
804 2679 923 2751 narrat3
951 2673 1045 2735 etiam
1068 2671 1285 2756 gradationem
1307 2691 1387 2756 quae

216 2789 266 2846 est
294 2781 327 2843 in
356 2779 443 2843 Livii
473 2778 579 2842 verbis
605 2775 691 2842 ‘cum
720 2778 824 2842 luctus
848 2787 981 2841 —tum
1008 2774 1110 2842 timor'
1136 2777 1323 2842 Plutarchus
1345 2776 1385 2840 de

215 2887 372 2952 industria
402 2884 527 2951 videtur
558 2885 698 2948 imitatus
722 2907 807 2963 esse,
834 2907 906 2948 cum
937 2907 991 2948 eas
1023 2885 1143 2948 litteras
1175 2885 1292 2948 luctum
1323 2905 1387 2948 non

217 2995 382 3074 ademisse,
404 2993 530 3057 auxisse
553 2993 697 3055 timorem
720 2990 814 3055 dicat.
860 2999 1011 3056 Attamen
1033 2992 1183 3056 nonnulla
1205 2990 1292 3078 apud
1313 2991 1389 3054 Plu-

216 3101 357 3165 tarchum
381 3100 585 3164 inveniuntur
608 3121 688 3184 quae
711 3122 783 3163 cum
806 3098 901 3162 Livio
923 3120 986 3162 non
1011 3122 1181 3184 congruere
1204 3098 1373 3164 videantur
1380 3122 1388 3178 3

217 3229 254 3270 ac
285 3209 420 3293 primum
451 3205 579 3291 quidem
612 3205 709 3269 verba
743 3203 816 3285 τοῖς
846 3205 986 3285 πολίτας
1019 3210 1222 3294 παρακαλῶν
1255 3211 1389 3294 θαρρεῖν

217 3312 303 3399 apud
325 3312 454 3376 Livium
478 3313 594 3397 scripta
623 3334 686 3375 non
714 3319 801 3389 sunt3
832 3319 941 3374 contra
968 3313 1052 3397 apud
1075 3312 1278 3376 Plutarchum
1305 3311 1391 3377 desi-

218 3418 347 3484 deratur
373 3413 521 3481 ‘eundem
550 3440 584 3481 se
608 3418 662 3502 qui
685 3425 758 3503 post
781 3417 979 3482 Cannensem
1002 3442 1137 3504 pugnam
1160 3419 1300 3484 ferocem
1323 3421 1391 3484 vic·

218 3528 300 3593 toria
330 3524 543 3590 Hannibalern
575 3517 789 3587 contudisset?
845 3523 909 3589 Sed
943 3525 1051 3590 horem
1083 3528 1148 3590 vim
1180 3525 1287 3591 reddit
1319 3526 1392 3608 τοὺς

219 3634 357 3714 πολίτας
379 3635 583 3720 παρακαλῶν
605 3637 757 3719 θαρρεῖν,
783 3654 854 3695 nam
878 3631 919 3696 ad
942 3632 1169 3699 confirmandos
1192 3655 1302 3698 eorum
1325 3634 1391 3698 ani·

219 3764 287 3805 mos
310 3741 365 3804 illa
391 3738 561 3802 Marcellus
594 3737 730 3823 scripsit
783 3737 881 3816 Quod
909 3761 985 3803 vero
1013 3739 1053 3804 de
1086 3738 1165 3805 duce
1195 3748 1229 3805 et
1250 3741 1390 3806 exercitu

219 3847 259 3913 ad
282 3846 485 3938 Herdoneam
510 3846 625 3909 amisso
647 3845 760 3910 Livius
779 3845 965 3910 Marcellum
989 3845 1057 3910 illas
1080 3847 1201 3912 litteras
1224 3849 1390 3935 scripsisse

220 3955 312 4036 dicit,
339 3943 413 4018 'hoc
446 3952 531 4038 apud
565 3952 768 4016 Plutarchum
803 3973 842 4015 ex
877 3959 944 4016 tota
977 3954 1155 4019 narratione
1188 3955 1389 4041 intellegitur.

203 4064 385 4128 'Postremo
415 4059 513 4126 verba
544 4061 608 4128 τῶν
637 4055 800 4144 Ῥωμαίων
830 4085 858 4126 κ.
884 4087 909 4127 τ.
934 4062 962 4130 λ.
996 4059 1080 4148 apud
1112 4061 1241 4129 Livium
1272 4062 1390 4128 frustra
