3086 4732
733 276 775 338 69

648 367 860 374 ---.-.-—....-...

167 492 246 554 quae
270 469 321 532 hic
344 468 444 532 oritur
465 467 637 532 difficultas
662 469 785 533 sublata
809 477 871 549 est,
895 471 922 532 si
945 469 1130 534 Thouretol
1153 472 1342 534 assentimur

166 576 270 640 Asinii
296 576 457 639 historiam
482 576 513 638 in
531 574 688 640 Graecum
713 598 888 640 sermonem
913 599 1097 642 conversam
1120 576 1229 641 fuisse.
1268 577 1341 640 Hoc

167 683 250 747 enim
274 681 389 746 Suidas
418 681 544 747 videtur
571 683 789 769 comprobare,
819 685 873 768 qui
903 683 981 748 hacc
1004 706 1028 747 s
1048 707 1079 748 v.
1101 679 1243 765 Ἀσίνιος
1268 707 1341 769 pro-

166 790 239 854 fert:
274 785 413 870 Ἀσίνιος
442 788 582 857 Πιολίιον
610 785 773 875 Ῥωμαῖος.
805 788 950 881 ἱστορίας
969 787 1147 876 Popularia
1176 791 1342 874 συνέταξεν

167 898 201 964 ἐν
231 896 373 984 βιβλίοις
405 895 454 978 ιζ’.
488 883 581 977 οὗτος
613 899 742 986 πρῶτος
772 892 955 989 Ἑλληνικὴν
989 896 1131 985 ἱστορίαν
1158 894 1342 983 Ῥωμαικῶς

168 1000 397 1092 σονεγρτίψατο,
421 1003 498 1068 haec
514 1026 538 1068 s
550 1027 580 1067 V.
597 1006 751 1070 Πιολίιονε
777 1003 918 1070 Πιολίιον
941 998 1115 1085 δ’Λσίνιος
1136 1003 1341 1098 χρηματίσας,

172 1110 370 1199 Τραλλιανὸς
392 1110 547 1201 σοφιστὴς
569 1111 625 1178 καὶ
647 1109 848 1200 φιλόσοφος.
863 1164 869 1177 .
885 1165 912 1177 ..
933 1109 1074 1199 ἔγραψεν
1087 1163 1095 1178 .
1109 1163 1117 1178 .
1132 1165 1160 1179 ..
1185 1112 1262 1202 περὶ
1285 1117 1342 1178 τοῦ

168 1217 324 1308 ἐμφυλίου
354 1221 409 1309 τῆς
437 1213 556 1310 Ῥιόμρς
585 1218 734 1304 ντολίμον
766 1211 801 1287 ὃν
831 1218 1038 1310 ἐπολέμησαν
1065 1216 1197 1306 Καῖσάρ
1224 1245 1258 1286 τε
1285 1219 1341 1286 καὶ

167 1321 356 1414 Πομπήϊος.
412 1325 531 1388 Mirum
556 1332 605 1389 est
627 1325 741 1410 prioris
771 1325 831 1388 loci
858 1325 996 1390 'alterum
1029 1327 1238 1404 enuntiatum,
1270 1347 1341 1389 cum

167 1454 259 1495 nem-0
288 1430 464 1517 prodiderit
488 1432 633 1496 Asinium
657 1432 837 1496 Romanum
865 1431 1001 1518 primum
1028 1431 1069 1496 de
1093 1432 1186 1496 rebus
1210 1431 1341 1496 Graecis

167 1538 282 1602 Latine
306 1539 501 1628 scripsisse..
529 1540 637 1618 Quare
665 1561 723 1603 suo
751 1539 818 1603 inre
841 1538 1067 1625 Bernhardyus
1096 1539 1140 1603 ibi
1163 1539 1343 1624 suspicatur

167 1645 227 1708 hoc
241 1643 289 1711 ad
312 1646 444 1710 alterum
470 1645 616 1710 Asinium
644 1645 896 1712 transferendum
924 1669 1003 1710 esse.
1054 1645 1104 1710 Ne
1128 1669 1204 1710 vero
1227 1646 1340 1710 librum

168 1751 209 1816 de
232 1752 313 1816 bello
336 1753 432 1832 civili,
454 1764 547 1838 quem
565 1753 653 1817 alteri
672 1751 785 1816 Suidas
810 1752 929 1831 tribuit,
952 1751 993 1827 ad
1012 1754 1148 1838 priorem
1172 1752 1342 1816 transfera-

167 1882 236 1924 mus
260 1883 317 1924 nos
341 1860 487 1944 prohibet
510 1860 578 1945 ipse
602 1859 642 1924 de
661 1883 723 1944 quo
739 1860 842 1944 agitur
858 1858 1020 1922 Plutarchi
1037 1859 1134 1939 locus,
1155 1881 1219 1944 quo
1236 1867 1342 1923 osten-

168 1965 253 2030 ditur
275 1989 309 2032 re
326 1989 401 2030 vera
416 1967 577 2031 exstitisse
594 1966 747 2030 Pollionis
771 1965 810 2029 de
835 1965 918 2030 bello
937 1964 1023 2029 civili
1040 1965 1202 2030 historiam
1219 1965 1341 2030 Graece

167 2073 382 2159 compositam.
413 2074 529 2152 ”Quare
545 2073 625 2137 hanc
640 2073 820 2137 Thouretus
837 2071 966 2137 Suidam
992 2095 1048 2158 per
1070 2080 1206 2137 errorem
1226 2075 1350 2156 cogno.

167 2181 242 2243 mini
266 2181 391 2244 Graeco
414 2179 612 2245 adiudicasse
637 2189 735 2266 putat.
774 2179 857 2244 Mihi
874 2187 986 2246 'tamen
1005 2179 1200 2266 probabilius
1217 2179 1343 2243 ridetur

111 2282 112 2285 '
166 2287 249 2349 hunc
272 2287 406 2351 Romani
429 2289 534 2352 Asinii
557 2289 703 2352 libertum
727 2289 838 2368 fnisse,
867 2287 898 2351 id
928 2287 1013 2372 quod
1041 2287 1109 2352 eins
1132 2309 1247 2351 nomen
1271 2310 1342 2372 per-

167 2396 275 2479 spicue
298 2394 425 2474 indicat,
449 2397 578 2480 eiusque
597 2395 758 2460 historiam
776 2417 815 2458 ex
831 2395 956 2480 patroni
971 2395 1119 2458 mandato
1135 2395 1168 2458 in
1184 2394 1341 2459 Graecum

168 2523 342 2566 sermonem
373 2503 580 2580 convertisse,
611 2525 704 2587 quam
733 2502 910 2565 versionem
939 2501 1126 2565 Plutarchus
1154 2502 1248 2566 iacile
1281 2502 1342 2587 ipsi

166 2616 298 2693 patrono
321 2609 458 2672 tribuere
482 2617 613 2694 poterat.
651 2609 830 2692 Utcumque
847 2616 905 2687 est,
924 2608 1071 2672 Latinam
1087 2608 1227 2671 Pollonis
1243 2608 1342 2672 histo-

167 2717 244 2778 riar'n
267 2715 454 2780 Plutarchus
478 2737 540 2778 non
566 2715 691 2778 videtur
714 2714 837 2800 legisse.

202 2834 205 2840 '¹
253 2834 355 2905 vCum
384 2842 481 2926 igitur
512 2840 698 2911 Plutarchus
732 2840 837 2904 Asinii
869 2839 1031 2903 historiam
1062 2839 1184 2903 Graece
1214 2836 1340 2922 quidem

167 2942 296 3032 legeritj
321 2948 376 3011 sed
408 2971 471 3011 non
499 2938 783 3026 Latinejomnino
814 2969 875 3010 non
906 2947 1021 3030 legisse
1044 2943 1222 3008 censendus
1246 2953 1278 3008 et
1299 2945 1342 3022 Q.

167 3049 286 3119 Lutatii
310 3055 416 3119 Catuli
440 3054 479 3117 de
503 3054 666 3117 consulatu
696 3062 728 3116 et
756 3053 850 3116 rebus
873 3054 971 3136 gestis
997 3052 1062 3114 suis
1085 3051 1209 3114 librum.
1255 3051 1343 3114 Dicit

168 3164 249 3225 enim
274 3162 379 3226 Sullae
403 3153 617 3225 testimonium
641 3151 837 3238 confirmans,
869 3159 922 3242 qui
946 3157 1084 3221 Marium
1107 3158 1265 3222 rettulerit
1286 3181 1343 3222 no-

166 3267 262 3333 luisse
286 3264 400 3333 Catulo
425 3260 575 3333 victoriae
598 3260 719 3353 partem
745 3265 819 3330 dare
843 3267 874 3327 in
899 3265 983 3329 vitae
1003 3264 1099 3328 Marii
1122 3287 1148 3329 c.
1162 3269 1220 3330 25:
1245 3261 1342 3350 ὅμοια

167 3377 203 3440 δὲ
225 3377 279 3440 ναὶ
303 3371 501 3452 τὸνΚοίτλον
523 3369 617 3443 αἰνὸν
640 3370 877 3461 ἀπολογεῖσθαι
901 3374 978 3461 περὶ
1001 3369 1121 3440 τούτων
1145 3371 1341 3461 ἱστοροῦσι

167 3477 293 3569 πολλὴν
316 3486 549 3570 κατηγοροῦντα
572 3488 630 3548 τοῦ
654 3480 787 3570 Μαρίου
811 3478 1014 3569 κακοήθειαν
1037 3477 1124 3567 πρὸς
1147 3475 1244 3545 αὑτόν
1254 3484 1274 3544 ².

273 3604 365 3668 idem
394 3603 504 3692 eodem
538 3604 633 3668 modo
666 3603 823 3668 indicatur
854 3603 971 3667 ibidem
1003 3603 1036 3666 in
1068 3625 1093 3666 c.
1118 3604 1175 3666 26:
1224 3597 1267 3682 ὠς
1288 3600 1343 3670 τὸν

166 3712 295 3802 Κάτλον
320 3707 416 3781 αὐτὸν
442 3711 581 3799 ἱστορεῖν
610 3711 766 3798 λέγουσι
795 3708 1008 3797 μεγαλύνοντα
1041 3706 1114 3788 τοὺς
1141 3706 1341 3798 στρατιώτας,

275 3943 284 3972 1
543 3937 546 3943 .

275 4033 285 4062 ²
303 3943 498 4087 ζίηίίϋλοτῗὶλλ.
508 4032 647 4087 Ciceronis
661 4049 712 4102 pro
727 4031 844 4085 Murena
861 4031 984 4089 oratione
1002 4032 1049 4102 (ci.
1061 4048 1146 4108 supra
1158 4048 1185 4105 p.
1198 4032 1243 4099 49)
1262 4029 1330 4087 dicit

166 4117 361 4198 λέγεται...
379 4161 383 4176 .
403 4121 589 4198 ἀπολογεῖσθαι
608 4143 635 4175 κ.
655 4143 676 4174 τ.
695 4123 717 4178 λ.
829 4114 833 4120 ’
1290 4112 1294 4118 ’
