3086 4732
804 319 846 380 22

240 509 393 582 ΙΙάιιλιον
415 507 585 580 Ἀντιάνιον
615 509 775 602 διωκούσῃ
800 511 999 601 δωροδοκίας
1028 512 1089 580 ἐντὶ
1117 505 1325 581 Λευκούλλου
1356 519 1411 580 roi

242 617 378 710 Μάρκου
403 617 610 701 Μακεδονίας
634 624 816 713 στρατηγοῦ.
847 620 902 688 καὶ
930 624 1080 688 τοσοῦτον
1103 617 1229 704 ἴσχυσεν
1252 617 1333 687 ὥστε
1355 619 1411 688 τὸν

238 721 405 796 ’Λντώνιον
429 726 695 794 ἐπικαλέσασθαι
717 723 791 807 τοὺς
814 723 993 820 δημάρχους
1016 724 1224 818 σκηψάμενον
1247 719 1307 795 oda
1329 725 1411 810 ἔχειν

238 833 277 902 τὸ
300 830 371 900 ἴσον
394 833 426 900 ἕν
444 838 483 924 τῇ
505 827 633 902 Ἑλλάδι
657 831 742 923 πρὸς
757 828 920 925 Ἕλληνας,
944 842 977 897 et
992 834 1150 898 Asconius
1174 833 1215 898 ad
1238 833 1412 898 mationem

240 942 271 1004 in
295 947 369 1026 toga
389 937 522 1004 candida
539 941 597 1005 sl:
621 933 660 1004 ‘is
677 941 858 1022 (Antonius)
881 940 997 1004 multos
1021 942 1053 1004 in
1078 941 1199 1005 Achaia
1222 941 1414 1026 spoliaverat

241 1053 351 1112 nactus
375 1045 415 1111 de
438 1047 577 1112 exercitu
601 1045 729 1134 Syllano
759 1049 898 1133 equitum
923 1056 1050 1113 turmas.
1081 1047 1196 1112 deinde
1220 1047 1335 1113 Graeci
1350 1045 1413 1132 'qui

240 1153 367 1242 spoliati
390 1161 479 1220 erant
502 1153 679 1220 eduxerunt
695 1155 868 1220 Antonium
893 1155 924 1219 in
948 1157 997 1219 ius
1021 1154 1061 1220 ad
1077 1155 1123 1219 M.
1140 1154 1305 1220 Lucullum
1322 1177 1414 1241 prae-

239 1271 349 1343 torem,
372 1261 426 1348 qui
444 1261 494 1327 ins
510 1263 592 1326 inter
607 1263 788 1349 peregrinos
805 1261 939 1327 dicebat.
963 1262 1028 1348 egit
1043 1263 1182 1346 (Caesar)
1198 1285 1255 1350 pro
1272 1261 1414 1339 Graecis,

241 1368 334 1436 ctiam
351 1377 418 1434 turn
434 1367 696 1450 adulescentulus,
720 1368 759 1434 de
783 1391 845 1454 quo
861 1369 955 1455 paulo
971 1378 1044 1434 ante
1060 1370 1251 1434 mentionem
1266 1369 1413 1450 fecimus3

241 1484 273 1542 ct
296 1499 367 1542 cum
384 1475 534 1542 hircullus
557 1475 590 1540 id
613 1474 699 1561 quod
716 1476 830 1542 Graeci
854 1477 1057 1562 postulabant
1079 1475 1282 1558 decrevisset,
1305 1477 1415 1563 appel-

241 1583 319 1649 lavit
348 1583 491 1648 tribunos
521 1583 678 1648 Antonius
708 1584 885 1670 iuravitque
916 1607 950 1649 se
980 1583 1014 1647 id
1042 1583 1147 1648 forum
1178 1586 1298 1649 eiurare
1328 1583 1414 1669 quod

241 1713 341 1776 aequo
365 1690 431 1754 inre
455 1690 500 1754 uti
524 1713 585 1755 non
609 1686 735 1777 posset*
783 1690 941 1758 Videmus
972 1690 1011 1756 de
1040 1691 1098 1756 hac
1125 1693 1265 1756 oratione
1289 1691 1415 1755 Plutar-

242 1797 335 1864 chum
358 1819 434 1863 vera
457 1797 587 1881 referre,
610 1797 666 1863 sed
690 1821 763 1862 num
787 1800 856 1885 ipse
880 1821 947 1863 earn
972 1799 1084 1884 legerit
1107 1797 1236 1863 dubium
1260 1807 1317 1863 esa

348 1905 430 1970 Tum
451 1905 470 1971 l.
485 1904 504 1969 l.
529 1927 553 1970 c.
573 1908 590 1970 5
607 1904 819 1971 laudationem
836 1914 1058 1971 commemorat
1073 1929 1135 1991 qna
1151 1905 1268 1970 Caesar
1283 1928 1414 1970 uxorem

242 2021 396 2079 mortuam
420 2018 607 2099 prosecutus
632 2013 682 2093 sit,
705 2021 799 2098 atque
823 2013 854 2076 in
879 2017 940 2077 a?
966 2036 1059 2098 quam
1082 2015 1109 2078 is
1133 2012 1173 2077 de
1196 2013 1307 2098 poeuis
1330 2013 1415 2077 Len-

242 2121 308 2186 tulo
331 2129 364 2186 et
380 2119 523 2205 Cethego
546 2119 721 2205 irrogandis
745 2121 776 2182 in
793 2128 903 2184 senatu
919 2119 1064 2184 habuerit
1079 2121 1261 2199 oraticnem,
1285 2143 1413 2205 quarum

242 2226 326 2315 apud
350 2227 428 2292 alios
452 2227 621 2312 scriptores
645 2247 684 2291 ne
707 2226 876 2310 vestigium
900 2225 1027 2311 quidem
1051 2228 1217 2291 invenitur.

349 2333 517 2398 Praeterea
548 2340 692 2419 poemata
721 2332 865 2397 Caesaris
896 2333 1083 2397 Plutarchus
1113 2333 1215 2418 tangit
1244 2333 1263 2398 l.
1287 2334 1306 2399 l.
1336 2357 1362 2399 c.
1386 2339 1415 2415 2,

243 2441 297 2507 ubi
321 2463 392 2506 curn
416 2439 457 2505 ad
472 2440 716 2505 Pharmacusam
738 2439 871 2505 insulam
895 2463 913 2504 a
936 2443 1046 2526 piratis
1063 2448 1189 2527 captum
1210 2463 1279 2506 esse
1296 2450 1413 2507 narrat:

244 2549 300 2618 καὶ
339 2545 510 2639 ττοιήματα
545 2545 677 2639 γράφων
712 2549 767 2616 καὶ
801 2547 914 2637 λόγους
946 2546 1037 2630 τινὰς
1070 2545 1245 2638 ἀκροαταῖς
1283 2548 1415 2630 ἐκείνοις

244 2659 448 2747 (πειραταῖς)
473 2656 592 2748 ἐχρῆτο.
635 2655 804 2721 Caesarem
827 2656 859 2719 in
883 2656 1072 2721 carminibus
1096 2656 1320 2742 componendis
1345 2680 1414 2721 ver-

244 2770 345 2830 satum
370 2785 439 2829 esse
463 2763 558 2829 etiam
582 2763 751 2829 Suetonius
775 2765 950 2844 confirmat,
980 2765 1032 2848 qui
1063 2765 1095 2826 in
1124 2763 1192 2827 eius
1216 2763 1299 2827 vitae
1321 2784 1345 2825 c.
1372 2764 1411 2824 56

243 2893 355 2959 poema
379 2871 445 2936 Iter
473 2870 657 2956 inscriptum
688 2876 925 2948 commemorat,
956 2878 988 2933 et
1010 2869 1154 2950 Tacitus,
1185 2873 1237 2956 qui
1266 2867 1305 2931 de
1335 2873 1411 2930 orat.

244 3001 270 3044 c.
295 2981 334 3044 21
361 2977 485 3042 scribit:
521 2969 675 3041 ‘fecerunt
705 2978 786 3040 enim
811 2983 842 3040 ct
865 2978 1003 3040 carmina
1026 2976 1155 3060 (Caesar
1177 2986 1210 3042 et
1230 2977 1359 3058 Brutus)
1383 2981 1415 3038 et

245 3086 276 3150 iu
293 3085 499 3150 bibliothecas
518 3077 724 3150 rettulerunt.³
765 3083 828 3148 Sed
853 3083 928 3148 nihil
953 3084 1012 3148 nisi
1037 3107 1093 3149 sex
1110 3107 1219 3149 versus
1243 3083 1417 3149 hexametri

245 3191 285 3258 ad
315 3214 373 3256 nos
404 3197 628 3278 pervenerunt,
660 3213 739 3276 quos
771 3191 940 3256 Suetonius
973 3192 1004 3254 in
1034 3191 1174 3256 Terentii
1204 3191 1271 3255 vita
1303 3191 1418 3254 attulit.

248 3299 295 3364 lta
317 3300 455 3364 carmina
478 3296 680 3362 Plutarchum
705 3299 818 3383 legisse
842 3298 1003 3385 probabile
1027 3322 1088 3363 nou
1113 3307 1173 3376 est,
1196 3296 1314 3383 quippe
1337 3320 1418 3382 quae

246 3406 349 3473 minus
373 3413 448 3470 nota
470 3405 597 3484 fuerint,
620 3403 653 3468 id
676 3404 760 3490 quod
777 3405 907 3469 Tacitus
923 3406 943 3470 l.
958 3406 978 3470 l.
994 3405 1120 3486 indicat,
1143 3426 1214 3469 cum
1236 3403 1282 3468 sic
1297 3405 1417 3491 pergit:

245 3509 265 3581 ‘.
282 3563 313 3580 ..
336 3535 400 3578 non
430 3512 542 3578 melius
572 3533 665 3597 quain
690 3511 815 3593 Cicero,
848 3512 903 3578 sed
934 3513 1069 3594 feliciae,
1101 3514 1175 3598 quia
1204 3511 1274 3576 illos
1305 3512 1418 3577 fecisse

247 3621 410 3708 panciores
435 3615 554 3684 sciunt?

354 3727 519 3792 Postremo
554 3725 772 3791 nonnullarum
807 3727 952 3793 Caesaris
992 3724 1193 3809 epistularum
1230 3721 1417 3786 Plutarchus

248 3835 354 3900 iniecit
377 3834 583 3912 montionem,
613 3836 656 3898 ita
679 3844 782 3899 tamen
808 3843 843 3898 ut
865 3834 969 3918 potius
993 3829 1173 3894 universum
1198 3851 1303 3893 carum
1327 3848 1418 3910 argu-

248 3949 387 4008 mentum
411 3938 564 4004 indicaret
586 3964 678 4026 quarn
703 3941 825 4026 singula
847 3935 1000 4022 quaedam
1025 3959 1063 4000 ex
1087 3938 1125 4002 iis
1149 3935 1283 4000 afferret.
1325 3932 1418 3997 Solus

248 4049 339 4114 nobis
362 4047 417 4112 ].1.
434 4069 459 4111 c.
479 4049 518 4112 16
536 4049 716 4113 memoriani
733 4045 873 4112 servavit
889 4045 1041 4130 epistulae
1057 4067 1118 4131 qua
1135 4043 1252 4108 Caesar
1268 4042 1418 4107 Crassum

248 4165 283 4224 ut
306 4153 422 4220 bollum
448 4153 573 4220 Parthis
604 4155 733 4220 inferret
762 4151 946 4216 adhortatus
970 4160 1031 4233 est,
1062 4159 1095 4216 et
1123 4153 1154 4215 in
1179 4152 1264 4217 vitae
1288 4150 1419 4215 Catonis
