3086 4732
691 279 902 379 .,.‚-‚1.s-,

211 475 306 540 bebat
328 474 488 540 Plutarchi
518 475 745 555 testimonium,
776 497 845 540 cum
877 475 1010 540 similem
1040 476 1079 540 ad
1111 499 1175 541 rem
1205 476 1382 557 referretur,

212 581 312 646 eidem
337 582 470 647 orationi
493 580 694 646 tribuendum
718 604 797 647 esse.

317 689 391 753 Non
414 690 513 773 magis
537 711 629 774 quam
652 687 714 753 Gai
739 689 905 753 verborum
930 689 1106 775 dequibus
1130 691 1225 755 modo
1246 690 1382 755 diximus

211 796 284 860 alibi
315 797 433 859 mentio
463 796 498 858 lit
528 797 595 860 eius
626 795 775 859 orationis
806 819 845 859 ex
873 819 935 882 qua
959 796 1079 861 dictum
1102 796 1229 882 aliquod
1253 797 1383 862 affertur

211 903 242 966 in
274 902 363 966 initio
396 925 422 966 c.
447 906 466 966 8
500 902 638 967 eiusdem
671 905 754 966 vitae
787 911 841 967 aut
872 904 938 967 eius
967 902 1044 968 dieti
1072 904 1156 990 quod
1186 904 1320 969 traditur
1349 905 1382 969 iu

211 1011 271 1073 fine
296 1031 320 1072 e.
346 1012 396 1073 12.

318 1115 423 1180 Semel
445 1116 476 1179 in
501 1118 585 1179 vitae
601 1115 671 1180 Tib.
689 1115 825 1180 Gracchi
842 1115 942 1182 Gaius
966 1117 1153 1198 nominatur,
1177 1119 1231 1184 ubi
1254 1119 1286 1182 in
1310 1142 1335 1184 c.
1353 1124 1382 1200 8,

211 1231 377 1308 postquam
411 1222 450 1286 de
486 1221 620 1287 diversis
656 1225 759 1288 causis
792 1225 971 1310 expositum
1009 1232 1057 1290 est
1089 1226 1203 1310 quibus
1235 1226 1382 1291 Tiberius

212 1339 385 1394 commotus
416 1353 485 1394 esse
514 1329 675 1394 ferebatur
706 1338 741 1393 ut
770 1330 892 1415 legibus
922 1331 1059 1396 ferendis
1084 1333 1168 1418 plebi
1192 1333 1382 1414 subveniret,

212 1437 304 1502 aliam
329 1437 429 1502 Gaius
452 1437 550 1501 frater
572 1437 605 1500 in
629 1437 746 1523 scripto
770 1438 874 1522 aliquo
898 1439 1066 1524 protulisse
1090 1438 1233 1504 dicitur1.
1278 1440 1382 1518 Quale

211 1545 307 1608 fuerit
329 1567 437 1630 parum
462 1547 660 1630 perspicuum
685 1553 742 1609 est.
788 1544 881 1610 Unus
902 1545 1014 1609 Cicero
1038 1545 1078 1610 de
1102 1546 1199 1611 divin.
1222 1546 1240 1610 I
1266 1551 1316 1628 18,
1341 1551 1381 1612 36

212 1652 248 1717 Ο.
273 1651 408 1717 Gracchi
432 1651 545 1716 librum
569 1652 704 1736 aliquem
727 1661 964 1718 commemorat:
995 1649 1056 1717 ‘Ti
1082 1652 1254 1733 Gracchus,
1278 1655 1314 1718 P.
1337 1655 1382 1735 F,

211 1761 265 1844 qui
288 1759 337 1823 bis
361 1759 471 1823 consul
494 1767 526 1823 et
549 1781 660 1823 censor
682 1758 751 1838 fuit,
775 1758 919 1846 idemque
943 1769 975 1824 et
991 1782 1132 1826 summus
1155 1784 1256 1846 augur
1279 1770 1311 1826 et
1334 1762 1383 1826 vir

212 1867 337 1953 sapiens
360 1866 500 1951 civisque
524 1874 700 1951 praestans,
731 1888 848 1946 nonne,
879 1876 913 1930 ut
937 1867 972 1931 C.
997 1867 1173 1949 Gracchus,
1200 1869 1382 1946 filiuseius,

212 1975 364 2060 scriptum
379 1974 513 2059 reliquit,
535 1972 660 2038 duobus
679 1974 833 2059 anguibus
850 1973 934 2038 domi
951 1975 1185 2061 comprehensis
1200 1975 1381 2062 haruspices

212 2082 422 2146 convocavit?
451 2081 598 2166 quicum
622 2079 873 2167 respondissent,
901 2081 927 2143 si
951 2103 1068 2146 marem
1093 2083 1262 2163 emisisset,
1292 2085 1379 2146 uxori

212 2189 300 2253 brevi
324 2197 465 2274 tempore
489 2209 559 2251 esse
583 2185 791 2266 moriendum,
821 2187 848 2250 si
871 2187 1034 2267 feminam,
1061 2189 1134 2274 ipsi,
1158 2191 1288 2278 aequius
1310 2211 1378 2254 esse

212 2297 334 2360 censuit
363 2317 396 2358 se
427 2302 579 2358 maturam
608 2301 758 2379 oppetere
788 2293 920 2358 mortain
943 2316 1036 2379 quam
1059 2295 1096 2361 P.
1120 2295 1264 2362 Africani
1288 2297 1379 2360 filiam

212 2401 461 2479 adulescentem
485 2401 632 2464 feminam
657 2399 769 2479 emisit,
792 2402 861 2485 ipse
877 2403 984 2486 paucis
1005 2410 1078 2488 post
1094 2402 1205 2468 diebus
1230 2413 1278 2470 est
1300 2425 1379 2466 mor-

212 2505 302 2574 tuus.³
351 2507 442 2573 Idem
469 2507 535 2571 fere
563 2507 677 2572 Cicero
704 2529 833 2570 narrans
856 2506 875 2571 l.
899 2507 917 2570 l.
941 2506 978 2581 II
1003 2511 1053 2590 29,
1078 2511 1118 2574 62
1144 2510 1180 2575 O.
1205 2509 1378 2577 Gracchum

212 2616 245 2680 id
275 2614 316 2680 ad
343 2615 390 2680 M.
413 2614 623 2700 Pomponium
654 2612 816 2698 scripsisse
847 2612 930 2678 dicit.
977 2614 1068 2680 Haec
1097 2618 1193 2702 igitur
1220 2618 1381 2683 Ciceronis

214 2747 253 2788 ex
277 2722 339 2788 Gai
370 2723 487 2807 scripto
517 2721 571 2785 illo
602 2726 726 2806 sumpta
742 2743 825 2786 ,esse
849 2721 1082 2808 Nipperdeius2
1112 2723 1301 2808 suspicatur,
1332 2723 1381 2786 cui

212 2832 327 2896 Peter3
349 2849 497 2894 assensus
521 2835 577 2891 est.
612 2826 790 2912 Klappius4
813 2836 920 2892 contra
942 2829 1028 2915 quod
1044 2829 1206 2894 Gracchus
1230 2830 1381 2914 scriptum

214 2938 340 3023 reliquit
370 2936 401 2999 in
432 2933 567 3020 epistula
598 2933 695 2998 luisse
726 2936 898 3018 existimat,
927 2938 999 3021 quia
1028 2936 1063 3000 C.
1088 2933 1250 3000 Gracchus
1278 2933 1312 2998 id
1341 2933 1381 2998 ad

212 3045 258 3108 M.
282 3043 490 3128 Pomponium
522 3040 690 3126 scripserit.
738 3041 802 3107 Sed
824 3043 985 3109 Romanos
1013 3044 1148 3108 scribere
1179 3041 1219 3106 ad
1246 3042 1381 3128 aliquem

214 3151 253 3215 de
284 3149 371 3214 libris
402 3146 520 3212 dixisse
550 3148 604 3232 qui
633 3148 725 3212 alicui
756 3149 976 3216 dedicarentur
998 3151 1113 3214 Peter⁵
1136 3149 1381 3228 demonstravit3

214 3279 315 3343 neque
340 3255 490 3341 scriptum
513 3254 686 3339 relinquere
716 3258 841 3344 proprie
870 3257 910 3322 de
940 3256 1083 3343 epistulis
1107 3255 1229 3319 dicitur.
1275 3256 1320 3319 Et
1342 3279 1382 3320 ne

322 3417 330 3446 ²
349 3413 444 3469 Verba
456 3412 524 3468 haec
538 3420 617 3468 sunl:
637 3417 652 3468 d
670 3417 811 3488 δ’ἇόελφὸς
830 3417 910 3472 αὐτοῦ
929 3416 1007 3474 Γάϊος
1027 3417 1054 3468 ἕν
1073 3436 1119 3469 τινι
1138 3416 1233 3485 βιβλίῳ
1253 3415 1382 3484 γέγραφεν

213 3509 249 3566 εἰς
268 3505 419 3573 Νομαντίαν
437 3504 613 3572 πορευόμενον
632 3505 674 3559 διὰ
694 3516 738 3576 τῆς
761 3509 906 3576 Τυρρηνίας
925 3506 968 3560 τὸν
990 3506 1108 3575 Τιβέριον
1131 3505 1177 3560 καὶ
1201 3505 1247 3575 τὴν
1270 3505 1381 3574 ἐρημίαν

214 3605 258 3665 τῆς
277 3595 368 3664 χώρας
387 3593 489 3660 ὁρῶντα
508 3593 553 3646 καί
572 3593 631 3653 cola
650 3606 829 3666 γεωργοῦντας
849 3597 864 3666 ἢ
883 3597 1007 3665 νέμοντας
1027 3596 1129 3654 οἰκέτας
1148 3596 1317 3653 ἐπεισάκτους
1335 3593 1380 3647 καὶ

213 3683 367 3756 βαρβάρους
390 3683 446 3734 τότε
468 3689 573 3750 πρῶτον
596 3684 637 3736 ἐπὶ
660 3694 723 3740 νοῦν
746 3687 873 3756 βαλέσθαι
897 3687 943 3756 τὴν
962 3688 1066 3754 μυρίων
1085 3692 1180 3738 κακῶν
1199 3686 1315 3752 ἄρξασαν
1333 3681 1379 3734 αὖ·

213 3782 265 3832 τοῖς
283 3773 420 3827 πολιτείαν.

322 3861 332 3890 ²
350 3860 492 3932 Opuscula
510 3879 536 3933 p.
556 3863 590 3918 99
604 3881 662 3936 sqq.

322 3951 331 3982 ³
350 3950 381 4006 L.
400 3950 417 4003 l.
437 3968 463 4022 p.
483 3951 654 4010 CLXXXV.

320 4041 331 4071 ⁴
350 4039 381 4094 L.
402 4039 418 4094 l.
437 4058 464 4112 p.
484 4042 525 4096 33.

321 4129 331 4158 ⁵
350 4129 380 4183 L.
399 4129 417 4184 l.
436 4148 462 4202 p.
483 4131 655 4188 CLXXXV.
