3086 4732
734 332 776 392 67

168 526 297 591 Nullum
329 533 433 589 autem
464 531 512 588 est
544 524 693 588 indicium
729 548 791 611 quo
827 532 976 611 appareat
1008 525 1208 590 Plutarchum
1239 527 1339 612 ipsam

168 634 240 697 Rufi
264 631 427 696 historiam
451 654 512 695 non
538 632 664 697 novisse
676 637 694 696 ¹.

275 739 440 803 Postremo
464 738 651 803 Plutarchus
679 738 812 802 duorum
837 741 976 803 virorum
1000 742 1052 824 qui
1078 741 1215 825 Augusti
1239 748 1342 805 aetate

168 847 244 910 iuris
267 846 399 910 scientia
418 847 552 910 maxime
567 846 739 910 floruerunt
753 845 830 910 facit
845 847 1045 910 mentionem.
1080 847 1130 910 Ex
1149 847 1243 911 Ateio
1260 849 1340 911 enim

168 954 323 1040 Capitone
347 955 378 1017 in
395 952 527 1030 Quaest.
543 954 635 1017 Rom.
651 975 677 1017 c.
691 956 731 1018 50
755 953 833 1017 haec
856 952 963 1018 affert:
987 953 1043 1021 dui
1066 953 1099 1021 τί
1122 949 1140 1021 ὃ
1165 954 1266 1042 ἱερεὺς
1288 961 1343 1021 τοῦ

168 1058 248 1142 Διὸς
271 1053 506 1154 ἀποθανούσης
529 1056 617 1149 αὐτῷ
640 1063 696 1149 τῆς
718 1059 867 1147 γυναικὸς
882 1056 1064 1128 ἀπετίθετο
1087 1059 1144 1153 τὴν
1167 1057 1274 1153 ἀρχήν,
1299 1057 1344 1142 ὥς

167 1161 293 1260 Ἀτηϊος
317 1165 475 1262 ἱστόρηκε.
511 1167 584 1231 Ηοο
607 1166 755 1232 traditum
773 1167 900 1232 videtur
921 1167 1019 1232 fuisse
1043 1169 1073 1232 in
1092 1170 1178 1233 Ateii
1202 1169 1241 1232 de
1265 1191 1343 1254 pon-

167 1275 263 1338 tificio
286 1275 353 1338 iure
376 1273 456 1339 libro
467 1280 487 1354 ²,
517 1297 578 1360 qua
608 1273 647 1338 de
677 1296 773 1338 causa
796 1274 1012 1339 Huschkeus3
1034 1275 1117 1339 hunc
1147 1274 1248 1340 locum
1274 1277 1341 1340 eius

166 1381 351 1468 fragmentis
375 1381 516 1446 inseruit.

273 1487 366 1552 Alter
389 1488 548 1552 Antistius
572 1488 680 1553 Labeo
711 1496 772 1569 est,
803 1488 890 1552 Ateii
920 1488 1086 1576 Capitonis
1117 1490 1270 1575 aequalis,
1302 1489 1341 1554 de

167 1618 229 1681 quo
252 1595 284 1659 in
300 1595 432 1674 Quaest.
449 1595 540 1659 Rom.
556 1617 583 1659 c.
596 1598 637 1659 46
662 1597 811 1681 legimus:
837 1595 891 1663 dui
915 1595 947 1662 τί
969 1596 1025 1664 τὸν
1049 1599 1104 1686 τῆς
1121 1593 1242 1686 Ὅρτας
1265 1597 1343 1664 ναὸν

168 1698 362 1790 ἀνεῳγμένον
385 1697 469 1786 εἶχον
492 1701 520 1769 oi
547 1704 687 1770 παλαιοὶ
711 1699 909 1786 decemuir,-
931 1701 1079 1793 πότερον,
1104 1701 1148 1784 ὡς
1166 1699 1342 1785 Ἀντίστιος

166 1807 309 1896 Λαβεών
341 1807 501 1900 ἱστόρηκε,
539 1813 594 1877 τοῦ
630 1813 805 1899 παρορμᾶν
838 1803 949 1899 ὁρτάρι
983 1809 1151 1898 λεγομένου
1183 1811 1241 1902 τὴν
1273 1805 1340 1878 οἷον

167 1916 410 2006 ἐγκελευομένην
446 1913 533 2003 πρὸς
568 1913 607 1983 τὰ
646 1914 729 1984 καλὰ
767 1918 825 1984 καὶ
861 1922 1084 2008 παρορμῶσαν
1116 1915 1196 1985 θεὸν
1223 1913 1340 2007 Ὅρταν

166 2025 335 2116 λεγομένην
365 2017 465 2112 ιῖίοντο
495 2027 561 2090 δεῖν
591 2018 635 2103 ὡς
665 2023 785 2113 ἐνεργὸν
815 2018 865 2091 ἀεὶ
891 2024 975 2117 μηδέ
1005 2050 1089 2091 ποτε
1111 2024 1239 2108 μέλλειν
1259 2021 1339 2116 μηδ’

167 2124 430 2199 ἀποκεκλεῖσθαι
452 2123 531 2224 μηδ’
557 2127 699 2199 ἐλινύειν.
746 2131 906 2196 Antistius
933 2131 1002 2217 ipse
1026 2130 1066 2194 de
1090 2133 1157 2195 iure
1180 2132 1340 2217 pontificio

166 2236 301 2324 scripsit,
324 2237 453 2322 eiusque
470 2240 500 2300 in
517 2237 699 2323 fragmentis
717 2237 929 2303 Ηοεολείεεοε4
954 2238 1030 2302 haec
1056 2239 1151 2303 verba
1174 2238 1289 2324 posuit.

272 2345 323 2407 Ex
347 2345 449 2430 poetis
473 2344 596 2410 Latinis
624 2345 724 2410 solum
749 2346 918 2410 Horatium
942 2345 1130 2410 Plutarchus
1158 2345 1266 2410 laudat
1293 2345 1341 2410 id-

166 2473 227 2537 que
251 2473 313 2515 uno
340 2451 411 2516 loco
439 2451 470 2514 in
500 2453 584 2516 vitae
612 2451 736 2516 Luculli
765 2475 791 2517 c.
817 2457 872 2533 39,
896 2453 958 2532 uhi,
982 2461 1148 2539 postquam
1172 2452 1341 2518 Lucullum

166 2559 302 2644 praetori
334 2557 457 2621 cuidam
490 2565 615 2622 centum
652 2558 832 2644 chlamydas
870 2561 989 2645 petenti
1028 2560 1179 2624 ducentas
1213 2559 1340 2624 dedisse

165 2667 312 2745 narravit,
335 2664 412 2728 haec
435 2663 539 2728 addit:
574 2663 622 2745 εἰς
643 2656 662 2732 ii
685 2667 741 2732 καὶ
768 2663 933 2746 Φλοίκκιος
956 2661 974 2733 ὁ
998 2667 1138 2759 ποιητὴς
1161 2666 1340 2757 έπιπειμί-

166 2799 256 2865 νηκεν
285 2767 330 2852 ὡς
353 2767 390 2840 οὗ
415 2771 532 2857 νομίζει
557 2774 700 2840 πλοῦτον
730 2761 768 2839 οὗ
790 2769 835 2861 μὴ
865 2771 907 2840 τὰ
936 2770 1154 2863 παρορώμενα
1184 2775 1239 2840 καὶ
1263 2776 1340 2839 λαν-

167 2877 310 2948 θάνοντα
334 2879 473 2947 πλείονα
496 2886 560 2946 τιῦν
583 2879 784 2970 φαινομένων
800 2878 876 2947 έστί.
923 2880 1015 2957 Quae
1037 2879 1077 2943 ad
1093 2880 1218 2944 Horatii
1236 2879 1341 2964 Epist·

166 2985 185 3048 Ι
217 2989 246 3066 6,
269 2989 311 3050 45
336 3009 381 3071 sq.
413 2985 602 3072 respiciunt:
640 2981 743 3050 ‘exilis
776 2986 889 3050 domus
923 2995 972 3050 est
1003 2987 1055 3050 uhi
1086 3010 1147 3051 non
1181 2995 1213 3049 et
1242 2987 1341 3050 multa

166 3102 399 3180 supersunt-
424 3102 456 3156 et
484 3092 627 3157 dominos
656 3089 789 3157 fallunt'.
843 3093 905 3157 Sed
937 3117 1006 3158 oum
1038 3093 1112 3156 alibi
1143 3093 1340 3172 Plutarchus,

165 3209 382 3286 praeterquam
407 3199 491 3286 quod
511 3200 618 3279 semel,
642 3208 677 3263 ut
693 3198 839 3280 vidimus,
863 3209 957 3285 atque
973 3200 1005 3263 in
1021 3208 1203 3264 transcursu
1219 3201 1341 3264 brevis-

166 3307 274 3372 simam
293 3307 438 3373 Caesaris
455 3309 625 3372 carminum
643 3307 832 3372 mentionem
849 3307 959 3386 iniicit,
974 3315 1137 3393 poetarum
1155 3308 1338 3371 Latinorum

166 3414 282 3476 nullam
305 3414 420 3477 habeat
442 3416 608 3495 rationem,
632 3416 768 3480 dubitari
792 3423 899 3500 potest
923 3437 962 3478 an
986 3414 1045 3478 hoc
1068 3415 1197 3479 Horatii
1220 3414 1338 3477 dietum

166 3515 292 3582 aliunde
315 3520 508 3606 cognouerit.

273 3625 472 3690 Postremum
505 3634 604 3691 restat
636 3635 672 3691 ut
704 3626 744 3692 de
775 3629 814 3692 iis
846 3650 949 3692 rerum
980 3627 1185 3714 scriptoribus
1216 3625 1343 3690 Latinis¹

274 3823 395 3890 ¹Quare
422 3823 602 3876 Plutarchum
628 3822 696 3877 haec
722 3823 798 3877 Rufo
823 3821 921 3877 debere
948 3823 1030 3876 Peter
1054 3821 1071 3874 l.
1091 3822 1108 3875 l.
1135 3840 1161 3892 p.
1181 3824 1216 3878 40
1235 3840 1292 3894 sqq.
1313 3829 1340 3877 et

167 3910 355 3966 Mommsenus
374 3912 402 3965 in
422 3912 519 3966 Herm.
540 3911 628 3982 [Vp.
649 3913 701 3967 318
719 3929 777 3983 sqq.
798 3913 964 3966 existimant.

274 4001 345 4054 ²cf.
365 4000 538 4072 Frederking
556 4004 583 4054 in
603 4000 704 4057 Philol.
724 4001 799 4054 XIX
818 4020 845 4072 p.
865 4003 916 4056 657
936 4019 994 4072 sqq.

275 4089 286 4120 ³
304 4089 541 4161 Iurisprudentiac
560 4091 791 4145 anteiustinianae
809 4108 880 4162 quae
898 4096 1047 4162 supersunt
1065 4110 1091 4162 p.
1112 4094 1154 4145 57.

271 4181 332 4235 ⁴L.
352 4180 369 4232 l.
389 4197 415 4250 p.
435 4182 478 4234 47.

1126 4287 1161 4343 5.
