3086 4732
701 298 742 360 27

616 390 828 397 ᾑ-

131 494 190 588 τὴν
209 492 343 584 Τερτίαν
367 491 607 583 δεδακρυμένην
630 490 678 560 ἔτι
703 489 840 560 παιδίον
863 480 973 560 οὖσαν·
998 487 1229 578 ἀσπαζόμενον
1254 483 1309 560 σύν

133 599 231 693 αὐτὴν
263 604 382 691 ἐρωτᾶν
415 591 469 690 ἐφ’
503 595 567 688 δτφ
599 596 792 692 λελύπηται·
825 599 883 689 τὴν
914 600 949 666 δέ
978 601 1223 688 περιβαλοῦσαν
1253 600 1309 667 καὶ

132 713 390 800 καταφιλοῦσαν·
420 699 473 775 ‘ori
505 703 566 794 γὰρ
596 701 717 788 οἶσθα)
746 704 869 789 εἰπεῖν,
892 695 932 774 ‘ui
955 703 1074 795 πάτερ,
1106 701 1157 775 δτι
1186 701 1262 797 ἡμῖν
1290 703 1308 774 ὃ

132 816 279 906 Περσεύς
293 809 448 905 τέθνηκε)
468 814 623 900 λέγουσαν
639 812 780 881 κυνίδιον
797 811 971 904 σύντροφον
988 811 1071 882 οὕτω
1087 838 1309 904 προσαγορευ-

133 922 263 1010 όμενον·
287 923 344 989 καὶ
367 921 424 989 τὸν
446 918 606 1005 Αἰμίλιον
626 915 753 1010 (ἀγαθῇ
775 917 861 1010 τύχη)
888 917 1000 1011 φάναι,
1021 911 1063 987 ‘ui
1078 919 1228 1010 θύγατερ,
1253 923 1309 990 καὶ

134 1031 269 1116 δέχομαι
297 1028 353 1096 τὸν
381 1020 514 1096 οἰωνόνῖ
545 1029 647 1095 ταῦτα
675 1028 735 1112 μέν
763 1016 819 1096 οδν
842 1029 990 1116 Κικέρων
1019 1025 1036 1095 δ
1059 1026 1161 1119 ῥήτωρ
1186 1030 1218 1096 ἐν
1240 1034 1309 1108 τοῖς

137 1138 216 1224 περὶ
237 1141 395 1226 μαντικῆς
418 1133 593 1226 ἱστόρηκεν.
647 1134 759 1198 Verba
788 1143 893 1199 autem
923 1134 1085 1200 Ciceronis
1116 1134 1214 1212 146,
1245 1138 1308 1200 103

137 1244 214 1308 haec
237 1251 325 1308 sunt:
370 1237 419 1306 Ἱι.
443 1241 561 1306 ΡυυΙυε
585 1241 696 1305 consul
719 1242 846 1321 iterum,
875 1263 946 1305 cum
976 1245 1005 1307 ei
1033 1242 1149 1307 bellum
1179 1249 1215 1305 ut
1236 1265 1307 1306 cum

135 1373 208 1436 rege
231 1350 329 1414 Perse
356 1357 481 1434 gereret
504 1349 685 1433 obtigisset,
715 1355 751 1412 ut
780 1371 817 1413 ea
847 1349 916 1435 ipsa
945 1348 997 1414 die
1025 1349 1153 1413 domum
1183 1348 1224 1414 ad
1254 1372 1309 1414 vc·

134 1480 260 1545 sperum
284 1456 391 1537 rediit,
414 1456 541 1520 filiolam
566 1478 652 1520 suam
677 1456 826 1538 Tertiam,
855 1465 1025 1542 quactum
1049 1465 1116 1521 erat
1138 1456 1308 1521 admodum

133 1588 244 1652 parva,
268 1565 414 1629 osculans
443 1564 583 1628 animum
606 1563 744 1628 advertit
766 1564 960 1629 tristiculam.
988 1561 1088 1650 ‘quid'
1102 1557 1170 1644 est,'
1198 1564 1308 1650 inquit,

131 1670 216 1736 ‘mea
237 1673 367 1736 Tertia?
396 1670 473 1757 quid
497 1671 596 1735 tristis
620 1666 685 1736 esl’
716 1665 771 1734 ‘mi
794 1665 901 1757 pater}
930 1672 1040 1757 inquit,
1063 1666 1173 1736 ‘Persa
1196 1665 1307 1758 periit.‘

137 1788 203 1842 tum
226 1779 280 1842 ille
310 1781 407 1842 artius
430 1778 566 1864 puellam
597 1778 779 1864 complexus
800 1772 954 1864 ‘accipio'
987 1779 1102 1863 inquit,
1132 1774 1215 1842 ‘mea
1237 1779 1309 1857 lilia,

139 1878 250 1949 omen?
282 1892 349 1949 erat
375 1893 477 1949 autem
507 1894 649 1948 mortuus
680 1885 810 1949 catellus
835 1907 873 1949 co
896 1880 1041 1949 nomine?
1086 1884 1225 1969 Insignis
1249 1885 1309 1948 hoc

139 1992 208 2056 loco
231 1991 397 2056 intercedit
419 1993 500 2056 inter
515 1992 717 2056 Plutarchum
740 2000 773 2056 et
788 1992 973 2056 Ciceronem
993 1991 1179 2055 narrationis
1200 1991 1309 2055 simili-

137 2099 223 2163 tudo,
268 2099 350 2162 Nam
373 2100 494 2184 reliqna
523 2102 627 2164 omnia
651 2099 849 2164 exactissime
872 2106 1061 2184 congruunt,
1090 2106 1309 2184 praeterquam

134 2205 219 2290 quod
243 2200 368 2270 ‘itenrm
392 2200 513 2270 consul
530 2206 718 2271 Plutarchus
735 2207 850 2287 omisit,
873 2209 1019 2292 quoniam
1040 2229 1110 2271 eam
1128 2229 1194 2271 rem
1217 2213 1310 2270 antea

134 2314 196 2376 iam
220 2315 491 2392 commemoravit,
521 2321 554 2378 et
576 2337 633 2400 pro
658 2314 763 2379 verbis
784 2312 927 2378 ‘domum
950 2313 991 2378 ad
1014 2337 1182 2401 vesperum
1205 2309 1307 2378 rediit'

134 2417 203 2488 ὑπὸ
219 2423 275 2488 τοῦ
291 2418 395 2510 δήμου
411 2421 535 2502 παντὸς
550 2419 663 2490 οἴκαδε
680 2423 951 2512 προπεμφθέντα
962 2425 1124 2511 λαμπριῖς
1138 2422 1310 2501 substituit,

137 2526 222 2611 quod
245 2526 329 2613 apud
349 2527 536 2592 Ciceronem
559 2550 622 2592 non
645 2529 731 2612 legit,
755 2528 812 2593 sed
835 2531 944 2615 procul
967 2529 1064 2594 dubio
1088 2529 1213 2593 aliunde
1236 2550 1310 2612 cog-

140 2633 240 2696 nitum
262 2633 422 2700 habebatl.
468 2634 581 2719 Itaque
611 2658 650 2699 ne
681 2635 741 2699 hoc
771 2634 899 2720 quidem
921 2635 990 2699 loco
1014 2657 1108 2699 verus
1131 2635 1309 2700 intellectus

139 2739 203 2802 ullo
226 2739 319 2804 modo
342 2740 548 2806 desideratur.

245 2847 414 2913 Praeterea
437 2849 600 2914 Ciceronis
624 2849 665 2914 de
688 2857 851 2914 senectute
875 2848 999 2914 libellus
1023 2847 1192 2913 Plutarcho
1215 2855 1309 2910 notus

138 2953 264 3018 videtur
285 2955 395 3035 fuisse,
418 2954 451 3018 id
477 2956 562 3040 quod
586 2980 626 3020 ex
641 2957 690 3021 his
707 2957 813 3022 verbis
834 2958 865 3020 in
883 2957 950 3020 eius
966 2959 1051 3021 vitae
1067 2979 1093 3020 c.
1107 2959 1148 3019 54
1165 2962 1308 3041 apparet:

138 3059 258 3150 ἔγραφε
290 3063 438 3151 Κικέρων
471 3062 628 3149 έγκιύμιον
662 3061 813 3144 Κάτωνος
845 3058 945 3149 δνομα
977 3067 1021 3152 τῷ
1053 3061 1137 3151 λόγῳ
1169 3063 1311 3147 θέμενος

136 3167 290 3236 Κάτωνα·
319 3171 376 3238 καὶ
403 3173 542 3250 πολλοῖς
569 3167 587 3238 δ
610 3168 704 3257 λόγος
731 3163 768 3260 ἦν
791 3170 848 3239 διὰ
871 3173 1029 3260 σπουδῆς,
1058 3165 1101 3250 dg
1123 3167 1218 3253 εἰκός,
1242 3164 1310 3239 ὑπὸ

134 3278 203 3343 τοῦΙ
224 3275 406 3344 δεινοτάτου
438 3283 500 3344 τῶν
533 3275 673 3370 ῥητόρων
705 3276 753 3358 εἷς
784 3279 842 3370 τὴν
877 3277 1050 3372 καλλίστην
1086 3279 1311 3372 πεποιημένος

136 3378 310 3452 ὑπόθεσιν.
357 3383 421 3448 Sed
445 3407 507 3448 non
536 3385 636 3450 solum
667 3393 892 3451 commemorat
918 3385 978 3449 hoc
1005 3387 1170 3472 scriptum,
1200 3407 1310 3449 verum

137 3491 231 3553 etiam
256 3491 405 3554 nonnulla
428 3514 468 3555 ex
484 3514 522 3556 eo
537 3493 658 3579 profert
673 3495 705 3556 in
722 3495 806 3557 vitae
822 3493 859 3557 Τ.
875 3493 1019 3571 Quinctii
1034 3492 1203 3556 Flaminini
1219 3513 1244 3554 c.
1259 3494 1310 3569 18,

137 3595 192 3659 ubi
207 3596 246 3660 L.
261 3597 473 3662 Flamininum
497 3607 608 3663 senatu
625 3607 744 3663 motum
761 3622 831 3664 esse
854 3607 968 3678 narrat,
991 3597 1076 3684 quod
1099 3599 1126 3662 is
1150 3620 1247 3660 unum
1269 3596 1310 3661 de

134 3702 175 3766 iis
199 3701 258 3789 qui
276 3706 388 3791 capitis
419 3704 558 3770 damnati
588 3706 619 3769 in
644 3705 778 3770 vinculis
805 3706 943 3770 fuissent
969 3706 1002 3768 in
1030 3706 1120 3790 pueri
1147 3703 1310 3768 cuiusdam

134 3812 268 3893 gratiam
297 3815 400 3876 securi
427 3816 550 3901 percuti
580 3813 733 3877 iussisset
785 3813 868 3876 Tum
895 3811 1083 3876 Plutarchus
1107 3811 1235 3878 Livium
1263 3813 1310 3876 in-

246 3971 256 4000 ¹
275 3971 354 4026 Idem
373 3975 432 4026 eius
451 3975 490 4026 rei
509 3973 594 4027 fuisse
613 3973 723 4028 videtur
746 3977 842 4027 auctor
865 3990 947 4043 quem
973 3977 1055 4026 antea
1072 3977 1183 4028 secutus
1202 3972 1310 4043 scripsit

136 4060 293 4128 φοιτώντων
312 4061 341 4115 δὲ
359 4063 427 4115 καθ’
449 4062 550 4130 ἡμέραν
573 4063 614 4115 ε’πὶ
638 4064 723 4131 θύρας
747 4063 792 4116 καὶ
811 4063 1035 4131 προκαλουμένων
1054 4061 1133 4116 αὐτὸν
1157 4063 1194 4122 εἰς
1213 4061 1310 4130 ἀγορὰν

135 4149 182 4202 καὶ
201 4151 398 4220 καταβοώντων
416 4151 536 4220 ἐπείσθη.
