3086 4732
671 310 712 372 37

99 503 291 568 Plutarchus
314 503 464 589 petiverit
486 500 658 567 diiudicare
681 525 744 567 non
767 502 878 584 audec,
901 526 972 569 cum
997 503 1071 568 talia
1093 503 1184 568 facile
1207 527 1277 591 per-

99 610 271 696 vulgentur
293 618 326 674 et
348 612 381 673 in
404 632 458 675 ore
482 609 643 674 hominum
668 617 841 674 versentur.
886 610 1003 675 Peterl
1027 619 1131 675 autem
1152 611 1276 675 Plutar-

100 717 196 781 chum
210 717 337 780 Tironis
362 716 401 781 de
425 717 503 781 iocis
520 716 684 782 Ciceronis
708 717 789 781 libro
813 739 904 781 usum
923 739 993 782 esse
1009 718 1164 803 opinatur,
1186 718 1275 783 cuius

99 824 284 888 Macrobius
300 824 333 888 iu
349 823 596 889 Satumaliorum
611 823 650 888 ΙΙ
667 827 750 905 l,12
771 823 820 888 his
841 824 945 888 verbis
968 824 1047 888 facit
1068 826 1274 890 mentionem:

98 926 226 997 ‘Cicero
250 936 353 996 autem
377 939 527 1016 quantum
555 933 588 994 in
612 953 650 996 ea
673 931 823 1013 (iocorum
847 937 1024 1016 venustate)
1048 932 1183 997 valuerit
1204 934 1275 1018 quis

98 1039 225 1124 ignorat
246 1040 301 1124 qui
324 1038 376 1102 vel
398 1039 502 1103 liberti
526 1039 593 1103 eius
616 1038 714 1103 libros
738 1061 818 1124 quos
841 1039 869 1103 is
884 1038 924 1103 de
948 1039 1025 1104 iocis
1048 1040 1171 1125 patroni
1191 1062 1275 1104 com-

98 1147 221 1232 posuit,
248 1167 327 1231 quos
358 1144 485 1230 quidam
513 1145 613 1231 ipsius
642 1153 755 1232 putant
777 1167 861 1226 esse,
888 1146 992 1231 legere
1019 1143 1176 1210 curavit‘l’
1225 1147 1274 1211 Re

98 1275 177 1318 vcra
199 1275 239 1317 ex
262 1251 323 1316 hoc
350 1252 430 1318 libro
453 1251 657 1316 Plutarchum
680 1275 717 1316 ea
740 1251 826 1316 dicta
853 1253 1040 1338 cognovisse
1063 1253 1139 1317 satis
1163 1254 1274 1318 verisi-

98 1359 173 1425 mile
196 1361 276 1424 esta

206 1465 259 1529 Ex
282 1488 385 1531 rerum
408 1467 620 1531 Romanarum
645 1467 851 1553 scriptoribus
874 1466 998 1532 latinis
1021 1467 1155 1554 plurima
1178 1467 1272 1533 Livio

97 1573 287 1638 Plutarchus
311 1571 415 1638 debet
453 1576 503 1637 Ac
525 1575 659 1660 primum
675 1574 803 1660 quidem
821 1576 889 1639 eius
912 1575 1127 1639 testimonium
1144 1573 1274 1640 affertur

98 1683 131 1744 iu
164 1683 250 1744 vitae
282 1679 407 1744 Camilli
440 1703 465 1745 c.
489 1684 525 1746 6:
573 1680 712 1762 Λίουϊος
743 1682 781 1749 δέ
813 1707 911 1775 φησιν
940 1674 1094 1766 εὔχεσθαι
1125 1684 1187 1768 μὲν
1218 1683 1273 1751 τὸν

102 1785 268 1873 Κάμιλλον
291 1784 475 1874 ἁπτόμενον
502 1793 559 1879 τῆς
585 1790 666 1856 θεοῦ
689 1789 746 1856 καὶ
773 1792 992 1876 παρακαλεῖν,
1023 1784 1271 1878 ἀποκρίνασθαι

103 1894 142 1961 δέ
163 1921 248 1976 τινας
270 1897 333 1962 τῶν
356 1894 529 1983 παρόντων
556 1889 603 1963 lin
634 1895 690 1962 καὶ
719 1891 868 1981 florii-etot
900 1896 955 1962 καὶ
986 1902 1188 1982 συγκαταινεῖ
1214 1896 1272 1962 καὶ

103 2004 337 2070 συνακολουθεῖ
368 2000 561 2090 προθύμως.
613 2000 706 2079 Quae
736 2001 834 2067 verba
862 2000 903 2065 ad
930 2000 1002 2066 Liv.
1026 2001 1060 2068 V
1085 2005 1137 2081 22,
1160 2004 1181 2064 4
1204 2023 1271 2086 sqq.

101 2115 261 2194 spectant:
289 2105 420 2173 ‘delecti
447 2132 485 2173 ex
515 2109 600 2172 omni
627 2110 767 2173 exercitu
790 2110 920 2173 iuvenes
944 2130 1021 2194 pure
1044 2107 1138 2172 lautis
1161 2129 1272 2194 corpo-

97 2214 201 2296 ribus,
230 2213 365 2280 candida
394 2224 497 2296 veste,
527 2217 640 2301 quibus
671 2213 867 2302 deportanda
896 2216 1031 2280 Romam
1060 2216 1168 2300 regina
1189 2214 1271 2279 Iuno

96 2320 265 2408 adsignata
301 2331 381 2403 erat,
420 2322 634 2388 venerabundi
670 2323 822 2409 templum
860 2323 957 2388 iniere
992 2323 1093 2409 primo
1125 2323 1271 2408 religiose

97 2428 305 2494 admoventes
328 2452 452 2509 manus,
482 2429 568 2516 quod
594 2428 628 2494 id
656 2431 780 2515 signum
806 2452 894 2495 more
917 2431 1054 2494 Etrusco
1083 2431 1144 2494 nisi
1167 2439 1271 2494 certae

96 2538 202 2621 gentis
226 2535 372 2601 sacerdos
400 2536 575 2602 adtrectare
604 2559 667 2601 non
691 2545 776 2601 esset
803 2536 924 2601 solitus
952 2536 1024 2600 dein
1049 2559 1121 2600 cum
1144 2536 1272 2622 quidam

97 2665 155 2707 seu
179 2643 293 2729 spiritu
316 2643 424 2708 divino
449 2652 550 2708 tactus
574 2666 631 2707 seu
654 2643 790 2707 iuvenali
815 2645 900 2707 ioco:
931 2639 1036 2707 ‘visne
1060 2643 1193 2707 Romam
1216 2644 1271 2723 ire,

97 2742 218 2814 Iuno‘?’
249 2749 396 2830 dixisset,
425 2750 573 2815 adnuisse
602 2753 698 2814 ceteri
727 2749 819 2814 deam
849 2745 1141 2813 conclamaverunt?
1197 2750 1272 2826 Qua

97 2858 131 2920 in
153 2880 188 2922 re
211 2866 404 2944 quantopere
420 2858 608 2922 Plutarchus
627 2857 746 2922 aLivii
763 2857 869 2921 verbis
884 2855 1012 2921 recedat
1034 2858 1135 2942 primo
1159 2855 1271 2920 obtutu

98 2964 289 3051 perspicitur
297 2989 305 3044 ;
335 2965 448 3031 Livius
476 2965 558 3029 enim
589 2964 756 3029 Camillum
784 2966 911 3029 omnino
942 2987 1004 3028 non
1032 2970 1271 3042 commemorat3

98 3071 287 3136 Plutarchus
310 3081 420 3136 contra
444 3072 521 3135 nihil
544 3072 609 3136 fere
633 3070 672 3136 de
694 3072 861 3136 iuvenibus
885 3070 962 3134 dicit
984 3071 1036 3155 qui
1061 3068 1101 3133 ad
1116 3070 1278 3158 Iunonem

98 3177 327 3265 deportandam
350 3178 465 3243 delecti
488 3187 577 3243 eraut
599 3201 701 3265 neque
724 3200 914 3263 quemquam
937 3200 976 3241 ex
999 3176 1196 3241 adstantibus
1217 3176 1272 3240 Iu·

98 3308 214 3350 nonem
243 3308 319 3350 num
342 3286 475 3350 Romam
506 3289 551 3351 ire
582 3286 660 3350 velit
688 3285 768 3350 facit
794 3285 1051 3370 interrogantem,
1081 3282 1137 3348 sed
1167 3285 1271 3370 ipsum

99 3392 268 3458 Camillum
291 3392 375 3458 idem
399 3392 496 3457 adea
520 3401 699 3480 precantem
723 3400 817 3477 atque
840 3400 1011 3478 rogantem.
1056 3390 1129 3469 Qua
1154 3391 1272 3456 discre-

98 3500 207 3585 pantia
236 3509 411 3564 commotus
442 3501 559 3564 Peter3
581 3500 641 3564 hoc
670 3499 733 3564 fert
760 3499 927 3564 iudicium:
964 3499 1020 3563 wir
1049 3497 1168 3576 finden,
1198 3497 1271 3561 dass

97 3606 249 3670 Plutarch
271 3606 339 3671 hier
361 3605 422 3671 den
439 3607 551 3672 Livius
575 3606 754 3692 unmiiglich
779 3628 838 3670 vor
852 3606 965 3690 Augen
989 3604 1107 3688 gehabt
1129 3602 1194 3667 und
1217 3602 1272 3667 ihn

98 3736 159 3777 nur
180 3736 237 3779 aus
260 3712 331 3779 dem
350 3713 583 3779 Gedachtnisse
607 3713 713 3777 citiert
734 3712 838 3777 haben
860 3712 944 3776 kann
951 3737 959 3792 ;
983 3711 1067 3776 deun
1084 3709 1190 3776 weder
1208 3733 1271 3776 von

207 3893 217 3924 ι
389 3897 395 3915 t

207 3892 351 4050 ²)Il1sderli
368 3892 497 4035 ibglllictis
512 3980 641 4035 videntur
659 3977 789 4050 ponenda
806 3995 865 4032 esse
880 3995 951 4048 quae
965 3978 1132 4033 Plutarchus
1151 3978 1179 4033 in
1198 3978 1271 4039 vitae

98 4069 223 4127 Caesaris
242 4087 265 4125 c.
280 4071 297 4123 4
315 4075 343 4124 et
362 4070 501 4124 Ciceronis
520 4086 542 4127 o.
558 4070 593 4128 20
612 4069 695 4127 affert
714 4067 854 4129 Ciceronis
873 4066 963 4129 verba.

207 4159 267 4218 'Ia
287 4158 305 4216 l.
324 4177 351 4234 p.
371 4162 413 4215 17.
