3086 4732
817 317 858 384 30

250 510 452 598 prodidisset.
497 511 602 590 Quam
633 513 821 578 sententiam
844 514 1031 578 Plutarchus
1060 514 1187 581 brevius
1220 512 1365 600 quidem
1390 537 1446 578 ex-

250 622 375 706 pressit,
394 620 541 705 quoniam
557 642 619 704 qua
633 621 665 684 in
680 643 715 685 re
730 622 901 708 Pompeius
918 622 1164 686 Themistoclem
1180 621 1289 707 magis
1309 629 1445 686 secutus

250 736 335 792 esset
364 735 457 792 antea
485 735 680 810 narraverat,
712 727 769 792 sed
800 729 844 792 ita
873 736 909 792 ut
940 728 980 793 ad
1010 729 1078 794 eius
1109 729 1172 795 vim
1203 729 1290 793 nihil
1324 728 1445 794 deesse

250 833 405 900 videatur.

356 941 522 1006 Postremo
545 941 585 1008 ad
609 939 736 1006 easdem
760 943 911 1029 epistulas
935 944 1072 1008 refertur
1094 942 1179 1029 quod
1202 944 1235 1007 in
1264 943 1443 1009 Ciceronis

249 1050 333 1114 vitae
364 1071 389 1112 c.
411 1051 451 1114 37
483 1055 547 1114 est:
587 1046 702 1140 γράφει
733 1050 791 1140 γὰρ
822 1047 856 1135 (d
880 1051 1044 1140 Κικέρων)
1075 1052 1108 1119 ἐν
1138 1057 1210 1132 ταῖς
1233 1051 1443 1132 ἐπιστολαῖς

249 1160 421 1244 διαπορεῖν
443 1158 613 1245 ποτέρωσε
633 1154 691 1249 χρὴ
714 1157 907 1246 τρέπεσθαι,
932 1160 1112 1248 Πομπηΐου
1135 1159 1195 1245 μὲν
1213 1156 1355 1242 ἔνδοξον
1381 1159 1442 1226 καὶ

249 1262 350 1355 καλὴν
374 1258 540 1345 ὑπόθεσιν
555 1264 642 1352 πρὸς
664 1262 719 1332 τὸν
735 1264 883 1352 πόλεμον
897 1265 1032 1350 ἔχοντος,
1056 1265 1223 1353 Καίσαρος
1239 1261 1273 1334 d'
1295 1258 1440 1353 ἷνῖμεινον

248 1378 318 1452 τοῖς
344 1370 514 1459 πράγμασι
544 1370 709 1459 χρωμένου
739 1373 796 1439 καὶ
825 1375 948 1457 μᾶλλον
978 1369 1091 1440 ἑαυτὸν
1121 1373 1177 1440 καὶ
1206 1373 1283 1454 τοὺς
1316 1373 1441 1464 φίλους
1512 1455 1513 1460 ¹

249 1477 411 1563 σώζοντος,
435 1472 509 1545 ὥστ’
538 1477 619 1561 ἔχειν
647 1479 706 1564 μὲν
735 1472 771 1546 ὃν
794 1479 893 1570 φύγῃ,
922 1477 968 1570 μὴ
993 1478 1076 1564 ἔχειν
1099 1482 1134 1548 δὲ
1157 1479 1243 1571 πρὸς
1267 1475 1308 1550 ὃν
1334 1477 1437 1572 φύγῃ.

249 1585 382 1648 Minime
410 1607 538 1650 necesse
567 1593 616 1649 est
643 1606 775 1671 quorum
804 1595 917 1651 testem
941 1587 1128 1652 Plutarchus
1151 1587 1311 1653 hocloco
1338 1588 1438 1653 Cice-

248 1714 355 1756 ronem
379 1692 456 1756 citat
482 1693 515 1756 in
543 1715 605 1756 una
632 1693 700 1757 eius
729 1693 865 1780 epistula
892 1694 1035 1759 inveniri.
1087 1694 1215 1759 Profert
1238 1698 1327 1760 enim
1353 1718 1436 1782 quo-

248 1798 342 1863 modo
365 1800 399 1863 in
422 1799 601 1885 epistulis
625 1801 674 1885 (ἐν
692 1807 764 1881 ταῖς
779 1802 988 1884 ἐπιστολαῖς)
1013 1802 1124 1867 Cicero
1148 1803 1243 1867 animi
1265 1805 1434 1868 incertum

248 1929 282 1972 se
315 1906 489 1972 ostenderit
520 1915 625 1972 utrum
657 1907 802 1994 Pompeii
837 1933 875 1974 au
910 1909 1055 1974 Caesaris
1090 1918 1196 1996 partes
1229 1919 1433 1996 sequeretur,

248 2037 317 2078 cum
335 2015 505 2101 Pompeius
521 2014 686 2079 honestam
702 2015 827 2100 quidem
852 2024 884 2080 et
907 2018 1022 2081 iustam
1044 2017 1118 2082 belli
1141 2017 1270 2102 gerendi
1295 2041 1430 2084 causam

248 2123 391 2202 haberet,
419 2121 476 2186 sed
500 2121 618 2186 Caesar
644 2144 695 2185 res
718 2123 830 2186 melius
854 2123 1088 2187 administraret
1110 2123 1232 2208 sibique
1256 2131 1290 2188 et
1313 2125 1430 2190 amicis

248 2231 412 2293 certiorem
435 2251 524 2314 spem
548 2227 658 2292 salutis
682 2228 854 2313 praeberet.
899 2229 1013 2314 Neque
1037 2230 1283 2314 exspectandum
1314 2239 1369 2297 est
1393 2239 1429 2295 ut

248 2336 318 2420 ipsa
341 2334 502 2398 Ciceronis
527 2334 623 2399 verba
645 2334 762 2419 ubique
777 2335 964 2400 Plutarchus
988 2334 1171 2417 reddiderit,
1193 2337 1289 2402 modo
1313 2361 1427 2404 eorum

248 2441 436 2506 sententiam
459 2447 543 2504 recte
567 2443 798 2526 significaverit.
843 2442 969 2521 Quibus
994 2451 1099 2508 autem
1126 2467 1167 2508 ex
1190 2446 1292 2511 causis
1315 2448 1424 2510 animo

248 2550 292 2612 ita
320 2548 520 2613 fluctuaverit
543 2548 654 2612 Cicero
684 2571 747 2613 non
778 2549 879 2614 solum
908 2551 941 2614 in
970 2550 1032 2637 Ep.
1062 2550 1102 2615 ad
1127 2551 1194 2617 Att.
1218 2552 1292 2621 VH
1315 2555 1367 2631 21,
1394 2557 1423 2616 3.

248 2655 341 2723 VIII
366 2658 394 2736 7,
418 2659 437 2720 2
461 2655 592 2737 indicat,
622 2654 679 2721 sed
701 2657 802 2722 fusius
826 2659 921 2722 etiam
945 2658 1050 2724 octavi
1073 2658 1146 2723 libri
1169 2659 1304 2745 epistula
1326 2657 1422 2722 tertia

249 2763 404 2850 exposuit,
427 2786 507 2848 quae
531 2771 599 2828 tota
620 2764 652 2827 in
676 2763 735 2828 hoc
758 2773 941 2850 argumento
965 2774 1117 2831 versatur.
1161 2763 1286 2829 Deinde
1309 2783 1419 2848 quam-

248 2894 341 2957 quam
365 2871 451 2957 pacis
475 2893 509 2934 se
533 2870 710 2934 studiosum
734 2893 803 2935 esse
826 2873 991 2958 profitetur
1010 2872 1138 2957 (ibidem
1162 2869 1234 2939 VII
1258 2873 1308 2950 14,
1333 2870 1360 2932 1.
1386 2868 1416 2928 3.

249 2981 300 3058 17,
323 2982 353 3042 4.
376 2976 469 3045 VIII
493 2980 521 3056 2,
547 2979 575 3041 1.
607 2980 635 3057 9,
661 2981 688 3042 1.
713 2981 741 3043 3.
769 2977 823 3042 ΙΧ
841 2982 880 3044 11
898 3001 917 3044 a
933 2983 973 3064 2),
996 2988 1100 3046 tamen
1124 2979 1268 3066 Pompeii
1290 2993 1417 3042 causam

247 3086 347 3169 magis
379 3106 413 3148 se
445 3084 578 3170 probare
610 3082 784 3152 identidem
815 3087 935 3152 indicat
966 3087 1094 3170 (ibidem
1118 3087 1190 3154 VII
1215 3090 1243 3160 1,
1268 3089 1296 3150 3.
1337 3087 1365 3163 3,
1390 3082 1418 3144 5·

249 3193 300 3273 26,
325 3195 353 3256 3.
388 3189 479 3256 VIII
504 3195 532 3271 2,
555 3196 585 3257 4.
622 3197 655 3272 3,
680 3197 708 3258 2.
746 3196 773 3274 7,
798 3198 827 3258 2.
862 3191 1002 3258 8dll.
1036 3193 1071 3254 X
1095 3195 1129 3267 4,
1161 3195 1190 3271 3)
1221 3211 1354 3272 eumque
1384 3188 1418 3250 in

248 3298 367 3384 optima
396 3320 490 3363 causa
519 3299 694 3364 concidisse
723 3299 840 3363 diserte
863 3298 941 3360 dicit
963 3295 1003 3358 ad
1027 3296 1094 3357 Att.
1117 3293 1191 3360 VII
1215 3296 1266 3357 25.
1311 3294 1419 3372 Quam

247 3414 374 3470 strenue
414 3413 519 3470 autem
553 3405 671 3471 Caesar
708 3427 758 3468 res
798 3402 996 3466 administret
1035 3400 1160 3486 saepius
1195 3410 1419 3466 commemorat

246 3512 374 3597 (ibidem
390 3513 465 3582 VH
481 3517 532 3593 12,
557 3518 584 3579 3.
609 3517 660 3576 24.
680 3509 772 3579 VIII
790 3513 831 3573 14
849 3512 890 3592 1),
912 3507 1070 3572 hominem
1086 3531 1158 3573 eum
1173 3507 1417 3574 audacissimum

247 3629 279 3685 et
308 3622 541 3707 paratissimum
571 3627 664 3685 vocat
694 3615 822 3699 (ibidem
845 3615 918 3685 VH
948 3620 980 3696 3,
1005 3621 1035 3700 5)
1066 3619 1195 3703 eiusque
1226 3617 1417 3680 celeritatem

247 3728 440 3812 vigilantiam
465 3726 657 3812 diligentiam
681 3722 854 3788 admiratur
875 3723 1003 3808 (ibidem
1018 3722 1092 3791 VH
1113 3727 1210 3806 22,1.
1233 3722 1326 3791 VIII
1343 3727 1371 3804 9,
1387 3728 1416 3789 4.

249 3837 299 3914 13,
325 3838 368 3918 1);
391 3857 450 3900 neo
473 3836 576 3898 minus
600 3839 751 3918 quantum
773 3832 822 3897 his
846 3830 1016 3896 virtutibus
1039 3831 1193 3918 Pompeio
1215 3836 1355 3918 praestet
1378 3853 1416 3894 ex

247 3941 426 4026 vituperata
448 3941 540 4006 huius
563 3939 774 4026 imprudentia
790 3947 823 4003 et
837 3939 950 4002 inertia
965 3938 1068 4003 elucet
1086 3939 1213 4016 (ibidem
1231 3937 1304 4007 VII
1321 3941 1371 4016 11,
1388 3941 1415 4002 3.

249 4049 300 4125 12,
326 4051 353 4112 1.
379 4051 419 4113 13
444 4070 462 4112 a
488 4052 589 4132 lsqq.
613 4045 704 4114 VIII
721 4049 750 4125 2,
774 4050 803 4110 2.
828 4050 856 4126 3,
881 4050 909 4111 3.
935 4048 962 4126 7,
986 4050 1015 4110 2.
1040 4050 1069 4127 8,
1094 4049 1132 4130 1).
1170 4046 1210 4109 In
1233 4046 1289 4110 tali
1312 4052 1413 4109 autem

247 4153 326 4219 duce
351 4179 440 4240 spem
463 4156 612 4218 maiorem
636 4153 745 4218 salutis
769 4175 839 4218 esse
863 4176 933 4218 cum
956 4154 1155 4239 perspicuum
1180 4155 1230 4228 sit,
1255 4161 1320 4216 tum
1345 4175 1413 4216 eum
