3086 4732
702 301 744 364 59

128 485 363 560 solius'Iubae
394 495 493 581 copiis
524 517 615 560 usum
645 486 724 559 esse.
776 488 865 574 Quid
884 496 977 560 enim
1009 485 1039 559 ei
1068 487 1138 558 cum
1162 495 1309 560 Varrone

128 596 211 681 erat,
234 601 261 666 si
285 603 386 666 solum
402 601 514 666 Iubam
539 593 752 667 exscriberet?
797 602 894 680 Quod
918 617 994 667 ver'o
1011 602 1161 668 Glaesser
1184 621 1316 667 oausam¹

128 701 238 774 suam·
255 722 292 774 eo
323 709 456 795 prohare
486 708 594 773 studet
621 705 711 794 quod
730 709 917 774 Plutarchus
942 699 1098 776 Varronis
1122 711 1317 774 sententiam

128 833 356 902 nonnunquam
380 807 621 902 improbaverit,
649 839 688 880 ne
703 807 810 880 'Iubae
825 813 961 902 'quidem
992 817 1107 902 ubique
1131 806 1310 894 assentitur,

129 922 190 988 se'd
214 923 429 1009 compluribus
451 913 531 987 locis
555 945 625 998 eum
650 915 774 988 relcllit.
820 923 920 988 Cuius
943 924 987 987 rei
1012 924 1191 1010 exemplum
1214 923 1317 989 habe-1

128 1053 203 1094 mus
227 1031 259 1093 in
284 1032 368 1094 vitae
392 1030 518 1094 Romuli
543 1052 570 1094 c.
592 1033 647 1111 16,
671 1030 724 1094 ubi
738 1030 1015 1096 ''Iubac‘vocabuli
1037 1021 1189 1094 ‘talasius³
1214 1023 1316 1095 inter-‘³

129 1138 303 1224 pretationi
334 1129 447 1226 ἕνέραὺ
470 1127 576 1205 ulu'ur
599 1131 833 1226 Ιπιθανωτέραν·
857 1140 990 1224 opponit
997 1163 1005 1218 ;
1029 1137 1253 1224 praeterea'ne
1277 1141 1309 1202 in

128 1244 258 1308 Numae
281 1237 409 1329 quidem
425 1244 509 1308 vitae
525 1237 605 1310 0213
625 1243 725 1309 Iubae
748 1244 894 1309 ancilium
918 1245 1156 1330 originationem
1180 1245 1316 1308 omnino¹

130 1350 255 1456 probat.
302 1344 459 1418 Varronis
483 1343 591 1454 igitur,
612 1351 736 1432 Iubae,-
754 1352 886 1416 uliomm
909 1353 1096 1416 sententiam
1120 1352 1308 1417 Plutarchus

131 1457 226 1523 affert
248 1480 285 1522 ac
308 1466 470 1544 comparat
497 1458 591 1523 modo
619 1457 705 1538 huie,
734 1451 829 1524 modo
859 1459 904 1522 illi
934 1449 1119 1545 assentiens.
1156 1447 1310 1524 Praeter-

134 1556 225 1630 mitlo
245 1555 336 1650 quod
352 1564 503 1670 Glaesser
518 1566 720 1644 Plutarchum
744 1568 869 1653 linguae
884 1567 1017 1638 Latinae
1040 1558 1149 1653 parurn
1173 1569 1314 1654 peritum

136 1671 233 1736 luisse
256 1679 356 1758 putat,
379 1661 526 1758 quoniam
549 1675 580 1736 in
605 1673 664 1738 hac
688 1675 835 1759 opinione
858 1674 1024 1740 refutanda
1048 1697 1130 1738 nunc
1147 1697 1309 1740 versamur

137 1767 256 1866 etipse
279 1768 366 1844 Livii
389 1788 422 1843 et
444 1779 567 1847 Valerii
593 1779 740 1844 Maximi
757 1769 854 1844 libros
878 1803 903 1844 a
919 1771 1091 1845 Plutarcho
1115 1781 1213 1845 lectos
1237 1803 1307 1844 esse

133 1886 306 1951 conceditl.

240 1994 332 2071 Quae
355 2016 425 2057 cum
449 1994 494 2058 ita
517 1995 590 2073 sint,
614 2015 689 2058 sane
706 1992 798 2057 valde
822 1993 933 2057 mirum
958 2001 1053 2073 esset,
1077 1994 1103 2056 si
1127 1993 1307 2078 illaquae-

129 2099 298 2180 stionibns,
321 2089 401 2185 quae
424 2101 457 2164 in
480 2100 619 2170 moribus
644 2109 676 2164 et
698 2099 877 2164 nominibus
894 2099 1088 2186 explicandis
1107 2100 1307 2187 potissimum

128 2214 307 2287 versantur,
337 2206 494 2274 Varronis
527 2207 701 2271 doctrinam
734 2230 798 2271 non
829 2198 1039 2287 adhibuisset,
1071 2208 1125 2293 qui
1157 2208 1196 2272 iis
1228 2208 1306 2294 ipsis

128 2313 248 2380 studiis
272 2312 399 2378 deditus
423 2323 490 2379 erat
513 2303 604 2400 eique
624 2303 825 2401 explicationi
840 2303 994 2401 imprimis
1010 2307 1042 2378 in
1059 2305 1163 2380 Aetiis
1179 2331 1307 2401 operam

125 2420 321 2508 impendit
348 2439 351 2460 ²
422 2411 426 2420 ’
834 2410 838 2416 ’
1261 2443 1263 2448 ’

239 2521 454 2613 Longe'aliud
471 2537 564 2614 atque
581 2530 601 2592 ii
619 2529 728 2593 contra
742 2521 822 2614 quos
835 2529 977 2594 diximus
993 2521 1210 2595 Meroklinus2
1225 2530 1307 2594 iudi-

126 2629 215 2700 cium
239 2629 332 2700 tulit
357 2634 391 2700 Is
415 2637 497 2699 enim
522 2658 593 2700 curn
616 2637 815 2720 quaestiones
835 2636 1022 2702 Plutarchus
1041 2631 1156 2701 'eodem
1180 2623 1315 2701 nomine

125 2752 226 2828 atque
254 2742 361 2808 Varro
384 2741 492 2810 Al'cru
520 2741 748 2828 appellaverit³
778 2750 811 2806 et
840 2765 909 2806 curn
937 2744 970 2806 in
997 2743 1126 2828 reliquis
1150 2743 1306 2811 Varronis

125 2850 220 2914 libris
244 2849 322 2913 nihil
345 2839 524 2914 inveniatur
545 2848 641 2935 quod,
664 2852 787 2914 etiamsi
809 2849 849 2914 de
865 2850 974 2914 eudem
990 2873 1024 2914 re
1040 2873 1143 2914 sermo
1160 2850 1209 2930 sit,
1233 2859 1306 2936 apte

125 2967 226 3042 atque
250 2957 289 3057 ad
314 2958 445 3022 verbum
469 2944 538 3020 cnm
563 2957 601 3021 iis
625 2965 791 3043 congruat,
765 2947 1021 3021 tPlutarohum
1050 2957 1124 3024 solis
1148 2947 1310 3025 Varronis

126 3065 218 3128 xes·
184 3072 237 3128 tus
261 3085 352 3128 usum
382 3086 452 3128 esse
483 3066 668 3149 suspicatur.
718 3065 831 3149 Neque
858 3065 936 3128 haec
958 3066 1065 3150 opinio
1089 3088 1107 3128 a
1130 3065 1201 3128 veri
1221 3053 1309 3129 sirni-

126 3171 265 3236 litudine
296 3165 459 3252 ahhorrct,
489 3171 563 3235 licet
592 3172 624 3234 in
654 3193 688 3234 re
718 3180 782 3235 tam
813 3171 909 3236 dubia
938 3173 992 3234 vix
1025 3172 1102 3236 certi
1135 3171 1315 3258 quidquam-

127 3286 297 3353 statuat'ur.
442 3269 467 3280 ⁶

190 3385 313 3492 Sed,
336 3409 398 3472 quo
423 3379 521 3472 magis
545 3396 653 3451 nostra
675 3387 831 3451 sententia
849 3387 1089 3467 confirmetur,
1080 3409 1142 3451 ram
1166 3387 1306 3472 singulos

72 3555 87 3576 ‚-
128 3494 364 3570 Quaestionum
380 3494 592 3557 Romanarum
609 3494 695 3558 locos
711 3475 947 3563 consideremus
969 3492 1313 3560 uh1Varron1stcsti-

76 3599 83 3604 ’
129 3600 238 3666 monia
260 3600 471 3700 inveniuntur
544 3620 557 3633 ··

90 3686 96 3698 “
203 3778 205 3782 ,
239 3706 278 3770 In
302 3696 486 3792 quaestione
504 3701 600 3792 igitur
615 3707 713 3770 ultera
731 3705 917 3771 Plutarchus
940 3729 997 3770 cur
1012 3707 1149 3792 quinque
1172 3706 1282 3771 faces
1273 3730 1305 3770 rn

131 3801 248 3900 pompa
271 3815 403 3901 nuptiali
426 3803 638 3910 accendantur
661 3802 842 3882 eVarrone
866 3812 966 3878 affert.
1005 3812 1110 3891 Quem
1126 3812 1166 3878 de
1182 3813 1305 3878 facibus

241 3975 301 4028 eL.
321 3974 338 4028 l.
358 3994 384 4045 p.
405 3976 464 4028 221.

170 4067 173 4077 Α
241 4064 353 4135 ²L.''l.'
495 4067 525 4073 .,
586 4075 590 4082 ,

227 4153 312 4209 '³·Of.
331 4153 404 4208 vitae
423 4150 535 4208 Romuli
554 4171 577 4210 c.-
599 4156 639 4208 15.
677 4151 787 4210 Camilli
805 4170 828 4209 c·.
851 4155 890 4208 19.
945 4185 947 4188 -
1015 4151 1016 4156 ’
1110 4153 1111 4156 ’
