3086 4732
693 302 734 364 57

127 497 363 562 Mercklinuml
392 498 534 577 nomino,
563 496 766 561 Plutarchum
790 495 947 563 Varronis
975 495 1079 560 Aetiis
1110 517 1201 560 usum
1231 517 1301 559 esse

127 605 298 685 affirmant,
325 602 359 667 id
382 601 468 689 quod
491 603 554 684 alii,
577 603 730 690 imprimis
753 602 925 668 Barthius²
948 610 981 667 et
1004 602 1184 680 Glaesser³‚
1206 624 1302 686 negu-

127 719 250 777 verunt.
304 711 444 775 Primum
477 709 553 774 mihi
585 733 635 776 res
666 718 715 776 est
738 732 810 775 cum
834 708 980 790 Barthio,
1011 712 1065 795 qui
1088 709 1301 788 Quaestioues

127 819 298 898 Romanus,
320 818 353 882 in
376 817 490 903 quibus
513 817 672 885 Varronis
696 818 793 882 octies
817 817 935 882 mentio
958 817 1002 897 fit,
1025 839 1087 881 nou
1112 815 1303 896 eVarrone‚

128 924 185 991 sed
208 948 249 990 ex
270 925 370 990 Iubae
399 923 665 990 Similitudinibus
693 923 897 1011 depromptas
926 946 995 990 esse
1019 922 1191 989 contendit
1236 922 1302 1001 Qui

13 1021 14 1064 ³
128 1055 185 1098 suo
209 1030 336 1118 quidem
359 1033 426 1096 iure
443 1031 603 1118 vituperat
617 1031 785 1096 Thilonem
809 1053 919 1096 omnes
934 1031 1003 1097 fere
1018 1031 1105 1096 locos
1126 1031 1180 1096 ubi
1195 1031 1302 1098 Varro

127 1141 308 1204 nominatur
328 1138 402 1204 huic
418 1137 635 1204 attribuendas
652 1161 722 1204 esse
738 1139 915 1225 opinatum;
938 1137 996 1204 sed
1018 1161 1107 1204 suam
1122 1137 1303 1224 opinionem

12 1337 13 1342 γ
128 1269 191 1312 non
215 1246 327 1311 melius
357 1244 510 1312 defendit.
561 1246 676 1311 Iubam
704 1248 788 1311 enim
818 1246 863 1311 ait
885 1248 917 1310 in
942 1242 1127 1338 ὁμοιότησιν
1149 1245 1303 1330 imprimis

12 1351 13 1392 l
128 1355 161 1418 in
177 1352 340 1419 vocabulis
355 1352 479 1418 Latinis
495 1375 513 1418 e
529 1353 654 1419 Graeco
675 1375 820 1419 sermone
835 1351 986 1419 derivatis
1003 1351 1142 1418 studium
1157 1353 1303 1438 posuisse

11 1523 12 1544 p
129 1484 165 1526 ac
188 1482 414 1546 saepenumero
438 1461 563 1546 eosqui
585 1460 700 1526 iisdem
723 1459 837 1526 studiis
857 1459 958 1526 dediti
973 1459 1100 1539 fuerint,
1123 1459 1303 1527 Varronem

11 1559 12 1616 Ῐ
130 1569 161 1632 in
184 1567 273 1632 libris
300 1566 340 1632 de
367 1567 475 1653 lingua
501 1568 617 1633 Latina
643 1576 676 1633 et
702 1567 809 1633 multis
839 1568 909 1633 aliis
939 1575 972 1632 et
998 1567 1188 1653 Dionysium
1211 1566 1304 1630 Hali-

133 1696 373 1755 carnassensem‚
395 1674 528 1755 adiisse3
551 1675 638 1761 atqui
661 1675 744 1740 inter
758 1673 817 1740 hos
833 1682 867 1739 et
881 1674 1086 1740 Plutarchum
1101 1673 1208 1738 multis
1224 1673 1303 1738 locis

11 1831 12 1834 η
134 1781 240 1846 miram
266 1780 462 1847 intercedere
490 1780 741 1862 similitudinem,
768 1804 830 1867 qua
858 1790 1000 1868 apertum
1023 1782 1079 1845 fiat
1100 1779 1303 1845 Plutarchum

131 1895 163 1954 et
179 1888 333 1957 Varronis
357 1897 391 1953 et
404 1888 552 1974 Dionysii
575 1887 750 1953 doctrinam
774 1888 888 1954 aIuba
908 1889 1069 1974 petivisse.
1116 1886 1179 1952 Sed
1195 1910 1304 1973 quam-

130 2018 223 2081 quam
255 2017 369 2081 magna
400 2018 473 2060 cum
510 1995 680 2080 sagacitate
712 1995 812 2061 Iubae
845 1995 960 2061 librum
992 2017 1011 2060 a
1039 1993 1209 2059 Plutarcho
1241 1994 1304 2058 illis

129 2102 367 2188 quaestionibus
390 2101 565 2167 adhibitum
582 2125 652 2168 esse
667 2103 818 2168 Barthius
837 2101 1075 2183 demonstravit,
1097 2100 1207 2188 quidni
1223 2123 1303 2186 quse

129 2210 363 2276 Varronianam
392 2209 538 2275 redolent
566 2208 741 2275 doctrinam
770 2209 958 2274 Plutarchus
989 2232 1029 2274 ex
1058 2210 1128 2296 ipso
1157 2209 1304 2277 Varrone

130 2317 323 2403 sumpserit?
367 2317 452 2382 Nam
474 2317 527 2397 ita,
550 2340 622 2382 cum
644 2317 830 2403 Dionysius,
853 2340 947 2404 quem
970 2326 1003 2382 et
1024 2319 1093 2403 ipse
1117 2314 1304 2381 Plutarchus

129 2425 251 2504 novit4,
281 2423 460 2491 Varronem
484 2425 591 2489 multis
619 2425 698 2490 locis
726 2433 887 2490 auctorem
909 2424 1055 2490 habuerit
1064 2429 1085 2505 ⁵,
1114 2445 1177 2488 non
1200 2423 1304 2487 minus

130 2531 183 2596 ille
206 2530 365 2596 Plutarchi
390 2554 461 2596 cum
483 2531 564 2596 Iuba
587 2539 620 2596 et
642 2532 791 2599 Varrone
814 2539 847 2596 et
868 2532 1026 2618 Dionysio
1054 2553 1226 2596 consensus
1250 2553 1305 2596 ex-

130 2638 272 2724 plicatur.
295 2639 408 2724 Neque
420 2640 520 2724 magis
532 2636 681 2702 Barthius
697 2638 792 2703 certis
804 2640 908 2703 causis
921 2637 1150 2704 demonstravit
1162 2637 1304 2702 Castoris

131 2743 250 2810 Rhodii
285 2747 465 2810 testimonia
499 2767 579 2831 quae
609 2744 797 2809 Plutarchus
827 2746 860 2809 in
893 2767 918 2810 e.
944 2749 984 2810 10
1009 2753 1042 2810 et
1067 2747 1106 2808 76
1140 2744 1260 2831 profert
1287 2767 1306 2808 a

130 2852 221 2931 Iuba,
250 2874 312 2916 nou
336 2875 354 2916 a
377 2852 525 2919 Varrone
555 2875 628 2917 eum
655 2861 832 2917 mutuatum
860 2858 961 2918 esse⁶.
1011 2851 1171 2938 Imprimis
1200 2859 1304 2916 autem

132 2958 164 3022 id
188 2961 254 3045 agit
276 2959 426 3023 Barthius
450 2967 485 3023 ut
508 2982 571 3024 uno
593 2967 720 3024 auctore
739 2959 943 3024 Plutarchum
966 2982 1058 3024 usum
1081 2981 1152 3024 esse
1175 2957 1305 3022 demon·

9 3089 10 3118 ι
132 3075 220 3132 stret.
265 3066 347 3130 Mihi
377 3066 505 3151 quidem
527 3066 588 3130 hoc
610 3089 673 3131 non
697 3068 867 3153 persuasit,
898 3089 1007 3133 verum
1030 3066 1206 3152 complures
1232 3064 1306 3129 Plu-

132 3172 259 3238 tarchus
283 3172 359 3238 mihi
375 3171 501 3238 videtur
524 3175 613 3260 sequi
637 3174 746 3238 solere.
791 3173 899 3255 Quod,
922 3182 958 3238 ut
973 3173 1152 3259 exemplum
1167 3172 1306 3252 afferam,

132 3303 150 3346 e
174 3282 258 3346 vitae
280 3281 404 3345 Numae
427 3303 453 3346 e.
478 3284 519 3347 13
543 3289 686 3368 apparet,
710 3281 764 3347 ubi
786 3281 898 3346 ancilia
921 3280 1005 3346 unde
1027 3303 1143 3345 nomen
1165 3280 1307 3366 ceperint

240 3530 322 3585 lDie
342 3531 424 3584 Aetia
442 3529 490 3584 des
511 3531 600 3586 Varro
618 3531 645 3585 in
666 3530 765 3586 Philol.
785 3531 834 3584 III
853 3549 879 3601 p.
899 3531 950 3586 267
970 3547 1029 3601 sqq.

240 3620 250 3650 ²
268 3620 312 3674 De
330 3619 418 3674 Iubes
434 3620 608 3688 Ὁμοιότησιν
626 3619 804 3675 aPlutarcho
823 3621 958 3691 expressis
976 3620 1005 3673 in
1020 3617 1235 3686 Quaestionibus
1250 3617 1305 3672 Ro·

131 3710 220 3763 manis
239 3714 267 3764 et
285 3710 312 3762 in
332 3710 453 3764 Romulo
472 3709 621 3780 Numaque
640 3728 666 3780 p.
685 3712 703 3764 8
721 3725 780 3779 sqq.

240 3799 250 3829 ⁸
269 3799 299 3853 L.
319 3798 336 3853 l.
355 3817 382 3869 p.
404 3801 453 3854 163
472 3816 531 3869 sqq.

238 3889 249 3919 ⁴
268 3888 312 3943 cf.
332 3887 467 3954 Schmidt,
486 3887 504 3941 l.
524 3887 541 3941 l.
560 3906 586 3959 p.
607 3888 641 3943 25
661 3888 752 3956 Peter,
771 3887 788 3942 l.
808 3887 825 3941 l.
845 3905 872 3958 p.
893 3889 942 3942 151
962 3891 990 3941 et
1011 3889 1069 3941 171.

240 3978 250 4008 ⁵
269 3977 312 4032 of.
331 3977 422 4044 Peter,
440 3975 458 4030 l.
477 3976 494 4030 l.
514 3995 540 4048 p.
562 3979 621 4032 157.

239 4066 250 4096 ⁶
269 4066 334 4133 Qua
351 4065 386 4120 de
404 4083 433 4120 re
452 4065 534 4120 etiem
555 4066 737 4137 Susemihlus,
756 4066 855 4123 Gesch.
875 4066 924 4122 der
942 4065 1043 4142 griech.
1062 4065 1129 4120 Litt.
1144 4065 1184 4120 11.
1203 4083 1229 4139 p.
1245 4066 1306 4133 372,

132 4157 185 4215 130
203 4155 321 4213 dubitat.
