3086 4732
172 465 275 529 dicam
298 490 377 551 quos
401 466 589 529 Plutarchus
605 467 864 530 commemoravit
887 467 1024 552 quidem,
1047 466 1104 532 sed
1128 469 1214 553 ipsos
1231 491 1347 552 coguo-

174 575 258 638 visse
282 596 344 637 non
368 573 409 636 sit
437 572 674 637 existimandus,
725 572 793 636 lam
822 596 918 659 supra
945 597 985 637 ex
1008 574 1256 660 ipsiusindieiis
1279 577 1348 638 ani-

173 680 398 745 madvertimus
422 702 493 744 eum
517 703 618 765 neque
635 679 797 744 Ciceronis
817 703 874 766 pro
890 680 1027 744 Murena
1042 682 1215 746 orationem
1231 682 1346 767 legisse

172 809 274 871 neque
299 787 436 850 Munatii
458 787 531 850 Rufi
555 785 596 851 de
620 786 741 851 Catone
765 787 887 851 librum.
940 788 1040 852 Paulo
1063 788 1155 852 aliter
1177 791 1209 852 in
1233 788 1347 853 Asinio

173 893 316 956 Pollione
340 915 389 956 res
414 915 448 957 se
471 893 574 958 habet.
620 893 672 958 Ex
695 895 763 958 eius
787 897 870 958 enim
894 893 968 958 belli
992 895 1094 960 civilis
1118 895 1248 960 historia
1272 896 1348 960 Plu-

173 1000 298 1064 tarchus
320 1001 350 1063 iu
368 1001 452 1064 vitae
468 1000 612 1086 Pompeii
629 1024 655 1065 c.
670 1003 710 1065 72
727 1001 805 1065 haec
821 1001 928 1066 affert:
953 994 1150 1091 στρατιώτας
1173 1004 1209 1070 δὲ
1232 1003 1349 1088 μόνους

174 1106 408 1190 ἑξακισχιλίους
426 1114 542 1175 πεσεῖν
557 1133 653 1199 φησιν
668 1103 807 1188 Ἀσίνιος
822 1107 974 1177 Πολλίων
988 1109 1209 1200 μεμαχημένος
1224 1109 1349 1202 ἐκείνην

173 1213 231 1304 τὴν
252 1212 355 1308 μάχην
377 1216 458 1300 μετὰ
479 1214 655 1302 Καίσαρος.
694 1215 745 1279 De
762 1215 872 1280 cadem
889 1239 994 1302 pugna
1011 1216 1191 1281 Pharsalica
1213 1216 1246 1280 in
1263 1217 1348 1282 vitae

174 1321 319 1385 Caesaris
343 1344 368 1385 ο.
388 1324 429 1385 46
454 1323 578 1386 loeutus
601 1321 792 1386 Plutarchus
816 1322 994 1403 Caesarem,
1017 1346 1086 1386 cum
1110 1324 1142 1387 in
1166 1332 1268 1388 castra
1292 1323 1348 1388 ad·

175 1429 384 1493 versariorum
407 1431 567 1512 ingressus
583 1436 632 1492 tot
647 1429 763 1492 milites
781 1451 891 1493 caesos
907 1432 1134 1516 conspexisset,
1157 1429 1235 1496 haec
1251 1431 1348 1495 verba

174 1536 394 1621 pronuntiasse
419 1543 539 1600 narrat:
572 1541 664 1603 τοῦτο
689 1534 930 1629 ἐβουλήθησαν,
962 1537 1009 1617 είς
1030 1529 1124 1607 τοῦτό
1146 1565 1187 1623 με
1211 1533 1348 1630 ἀνάγκης

175 1640 388 1734 ὑπηγάγοντο,
404 1646 457 1709 ἵνα
471 1642 570 1722 Γάϊος
582 1649 710 1731 Καῖσαρ
725 1639 743 1710 ὁ
757 1641 923 1730 μεγίστους
938 1645 1102 1728 πολέμους
1118 1641 1347 1732 ναιλορθιίσας,

176 1749 204 1818 εἰ
228 1749 420 1843 προηκάμην
436 1749 476 1817 τὰ
493 1748 723 1840 στρατεύματα,
747 1743 807 1818 κίίν
823 1751 1071 1843 κατεδικάσθην,
1095 1750 1190 1836 idque
1202 1751 1348 1816 Asinium

175 1857 352 1922 Pollionem
371 1856 548 1922 tradidisse.
1174 1869 1175 1874 ’

283 1964 405 2028 Eadem
429 1964 574 2028 Caesaris
599 1965 694 2029 verba
725 1987 764 2027 ex
789 1965 893 2028 Asinii
923 1965 1003 2028 libro
1033 1967 1150 2051 repetit
1179 1964 1348 2030 Suetonius

175 2075 208 2134 in
232 2073 299 2135 eius
324 2075 407 2136 vitae
431 2094 457 2134 c.
483 2075 533 2136 30.
584 2071 797 2135 Nihilominus
820 2071 966 2135 Latinam
998 2074 1065 2136 eius
1089 2072 1250 2136 historiam
1274 2071 1349 2135 Plu-

176 2179 301 2241 tarchus
325 2202 387 2242 nou
413 2177 538 2241 videtur
564 2179 595 2241 in
625 2179 769 2241 manibus
792 2177 949 2242 habuisse.
994 2179 1073 2242 Post
1097 2179 1242 2244 Caesaris
1266 2179 1346 2242 euim

176 2285 252 2348 illud
277 2285 395 2347 dictum
419 2285 496 2348 haec
519 2283 608 2347 addit
632 2286 744 2348 verba:
768 2284 869 2351 ταῖτά
888 2309 967 2378 ιγησι
985 2287 1136 2355 Πολλίων
1160 2281 1349 2366 ὁἈσίννιος

176 2390 217 2460 τά
247 2390 374 2481 ῥήματα
395 2389 565 2476 Ῥωμαϊστί
594 2391 655 2474 μὲν
685 2385 961 2481 ἀναφθέγξασθαι
992 2391 1045 2460 τὸν
1075 2392 1226 2482 Καίσαρα
1255 2390 1348 2480 παρά

176 2499 230 2567 τὸν
253 2497 323 2567 τότε
347 2497 469 2586 καιρόν,
492 2493 663 2590 Ἑλληνιστί
689 2491 721 2565 δ’
746 2492 805 2565 ὑπ’
830 2492 928 2568 aizos
952 2499 1145 2591 γεγράφθαι.
1184 2500 1258 2564 Ηοο
1279 2499 1349 2563 loco

177 2630 248 2672 cum
273 2615 375 2671 cetera
398 2609 565 2693 perspicua
589 2607 660 2687 sint,
684 2607 754 2692 quis
774 2606 920 2670 Caesaris
943 2607 1020 2670 illud
1045 2607 1166 2671 Graece
1189 2607 1350 2692 scripserit

178 2715 347 2779 dubitatur.
393 2714 641 2778 Thorbeckeus¹
665 2715 746 2777 euim
772 2713 954 2792 Caesarem,
977 2713 1180 2778 Thouretus2
1202 2713 1347 2777 Asinium

177 2823 353 2888 Pollionem
370 2822 433 2886 diei
449 2829 547 2906 putat.
583 2820 740 2906 Equidem
757 2821 919 2884 Thoureto
934 2824 1098 2902 assentior,
1114 2844 1186 2885 cum
1203 2829 1235 2885 et
1249 2821 1348 2884 oratio

178 2939 210 2994 et
233 2953 283 2993 res
312 2933 415 3016 ipsum
442 2929 590 2992 Asinium
619 2929 785 3013 significari
815 2927 963 2992 iudicent.
1015 2928 1098 2992 Nam
1127 2929 1153 2992 si
1182 2928 1349 2992 Caesarem

177 3038 365 3101 Plutarchus
390 3037 536 3117 dixisset,
567 3033 651 3100 uuila
674 3044 741 3099 erat
764 3058 858 3100 causa
881 3058 937 3099 cur
961 3059 1024 3099 non
1047 3035 1158 3099 eodem
1183 3035 1349 3102 verborum

179 3155 286 3208 tenore
310 3141 485 3237 Ἑλληνιστί
509 3146 545 3212 δὲ
568 3144 758 3234 γεγραφέναι
783 3144 946 3223 scriberet,
977 3142 1033 3207 sed
1063 3151 1184 3206 mutato
1207 3165 1349 3206 sermone

179 3251 263 3316 aliud
288 3252 433 3314 infinitivi
457 3252 632 3314 subiectum
656 3251 793 3314 inferret.
832 3251 944 3334 Neque
968 3251 999 3312 iu
1023 3273 1085 3334 quo
1102 3250 1247 3314 Caesaris
1270 3249 1350 3314 libro

178 3359 256 3423 illud
280 3358 397 3421 dictum
423 3357 545 3421 Graece
569 3379 753 3420 conversum
783 3356 878 3420 fuerit
900 3356 961 3419 dici
986 3365 1100 3442 potest.
1152 3357 1253 3442 Atqui
1276 3355 1351 3420 Asi-

179 3469 266 3531 nium
290 3466 321 3528 in
345 3464 476 3528 historia
506 3487 562 3527 sua
591 3464 698 3548 lingua
722 3463 837 3526 Latina
867 3486 957 3527 usum
989 3486 1058 3528 esse
1086 3469 1240 3530 constat3.
1263 3461 1350 3527 'Sed

288 3629 297 3656 ¹
316 3625 521 3680 Commentatio
535 3624 569 3678 de
584 3625 613 3679 C.
625 3624 714 3678 Asinii
725 3623 857 3679 Pollionis
872 3625 929 3678 vita
942 3629 970 3677 et
984 3623 1082 3677 studiis
1097 3623 1238 3678 doctrinae
1252 3641 1278 3692 p.
1291 3625 1349 3676 111.

287 3716 346 3769 ²1..
366 3734 392 3785 p.
412 3734 438 3786 p.
459 3718 510 3770 381
529 3733 586 3785 sqq.

288 3807 298 3836 ³
317 3806 359 3860 Cf.
380 3807 528 3860 Suetonius
552 3806 586 3858 dc
609 3804 795 3874 grammaticis
814 3823 836 3858 c.
859 3805 904 3858 1οε
930 3803 984 3872 ‘lh
1005 3803 1110 3870 Ateius,
1129 3803 1234 3856 amicus
1252 3801 1350 3870 Asinii,
1419 3804 1422 3808 '

180 3899 203 3952 ci
224 3896 320 3964 suasit)
345 3901 376 3948 ut
400 3902 465 3949 noto
489 3895 616 3964 civilique
640 3901 668 3948 et
691 3894 802 3964 proprio
825 3911 950 3947 sermone
974 3897 1070 3945 utatur
1087 3893 1210 3963 vitetque
1231 3891 1350 3944 maxime

180 3987 374 4042 obscuritatem
403 3984 525 4038 Sallustii
552 3990 579 4037 ct
606 3984 750 4037 audaciam
777 3984 804 4035 in
832 3981 1073 4036 translationibus?
1120 3980 1199 4034 Idem
1223 3981 1270 4034 vit.
1294 3979 1349 4032 divi

180 4077 244 4130 Iulii
266 4093 286 4130 c.
300 4077 345 4128 tiu:
363 4075 488 4128 ‘Asinius
503 4073 592 4128 Pollio
605 4073 674 4127 haec
688 4091 751 4128 cum
767 4073 909 4128 Caesarem
925 4071 1084 4128 adverbum
1101 4070 1202 4126 dixisse
1217 4069 1349 4126 referens:

177 4167 242 4222 ‘hoc
260 4166 407 4221 voluerunt
426 4181 448 4218 o.
468 4181 493 4236 q.
513 4163 541 4218 s?
