3086 4732
796 289 837 351 50

712 380 926 388 ..—

228 480 354 567 quidem
386 489 418 545 et
446 482 637 566 Dionysium
667 491 701 546 et
731 483 934 546 Plutarchum
963 481 1142 549 Varronem
1176 490 1301 546 secutos
1331 503 1401 546 esse

229 591 382 674 opinatur,
405 589 460 674 qui
483 588 523 653 de
546 589 653 674 lingna
675 589 791 654 Latina
807 589 842 656 V
861 592 925 654 146
948 589 1075 653 Pisonis
1106 588 1146 654 de
1169 611 1207 653 ea
1228 611 1262 653 re
1286 611 1403 653 memo-

228 696 306 759 riam
330 695 465 760 exhihet
512 695 575 760 Sed
600 719 703 781 neque
719 697 909 760 Plutarchus
924 696 1081 764 Varronis
1105 695 1145 760 de
1167 696 1274 782 lingua
1287 695 1403 760 latina

229 802 327 867 libros
355 802 445 887 legit,
475 801 508 865 id
539 802 625 888 quod
647 804 763 868 Peter¹
793 804 862 890 ipse
886 799 1055 883 concedit,
1072 825 1174 888 neque
1197 825 1273 867 num
1295 802 1401 869 Varro

228 909 308 972 hanc
330 909 456 973 Pisonis
480 911 689 974 narrationem
719 911 825 974 omnio
854 911 1022 996 protulerit
1049 911 1174 975 scimus.
1223 909 1306 972 Mihi
1334 912 1403 994 qui-

228 1014 301 1079 dem
328 1016 532 1101 Dionysium,
560 1039 631 1080 cum
658 1017 809 1082 Pisonem
837 1039 931 1104 saepe
955 1025 1150 1103 sequeretur,
1177 1016 1255 1081 illud
1278 1038 1402 1102 quoque

228 1123 443 1186 testimonium
473 1124 513 1188 ab
542 1124 654 1189 eodem
685 1126 837 1210 petivisse
867 1124 1038 1190 verisimile
1068 1123 1203 1190 videtur.
1254 1123 1403 1201 Quodsi

229 1231 390 1309 sumimus,
419 1230 608 1296 Plutarchus
631 1231 758 1296 Pisonis
782 1232 910 1296 annales
934 1241 1006 1296 ante
1030 1232 1138 1296 oculos
1161 1230 1308 1296 habuisse
1331 1253 1404 1317 pro-

228 1335 333 1400 babile
356 1345 413 1402 est.
452 1337 616 1403 Simillime
640 1341 723 1403 enim
747 1361 783 1402 ac
798 1339 973 1424 Dionysius
991 1339 1130 1403 Numam
1152 1345 1255 1403 aetate
1278 1337 1405 1402 confec-

228 1451 295 1506 tum
319 1451 452 1508 mortem
475 1467 568 1529 qnam
596 1444 791 1510 levissimam
819 1445 935 1510 obiisse
958 1452 1077 1526 narrat,
1099 1447 1176 1531 quin
1199 1446 1309 1525 etiam,
1330 1467 1403 1509 cum

229 1550 381 1615 scriberet
402 1543 470 1617 ὑπὸ
492 1549 587 1619 νόσου
609 1557 758 1644 μαλακῆς
781 1547 1092 1643 ἄντυμαραινόμενυς,
1116 1551 1229 1616 iisdem
1243 1551 1312 1616 fere
1327 1573 1404 1616 usus

229 1665 278 1722 est
302 1657 408 1722 verbis
430 1666 524 1744 atque
545 1658 693 1744 Dionysii
716 1658 872 1727 θανάτων
894 1660 948 1728 τὸν
969 1663 1086 1750 ῥᾶστυν
1109 1657 1313 1752 ἐτελεύτησεν
1336 1653 1404 1728 int

228 1763 332 1855 γήρως
353 1763 544 1855 μαρανθείς.
592 1765 673 1831 Uter
691 1775 796 1831 autem
811 1766 938 1830 Pisonis
955 1767 1097 1851 vestigiis
1120 1767 1261 1853 pressius
1284 1769 1404 1850 ingres-

229 1895 283 1936 sus
306 1871 349 1935 sit
371 1871 508 1936 discerni
531 1895 593 1936 non
617 1875 678 1937 iam
702 1881 816 1959 potest.

336 1978 372 2044 O.
396 1978 616 2065 Sempronium
645 1980 861 2045 Tuditanum²
891 1981 1079 2045 Plutarchus
1109 1982 1142 2044 in
1172 1983 1257 2045 vitae
1286 1979 1404 2044 Flami-

229 2086 294 2150 nini
318 2109 345 2150 υ.
371 2090 411 2150 14
436 2095 595 2151 auctorem
618 2088 707 2167 citat,
735 2087 787 2152 uhi
817 2096 969 2173 quantum
996 2089 1064 2152 auri
1087 2095 1120 2152 et
1142 2089 1264 2173 argenti
1286 2087 1405 2151 Flami-

229 2194 322 2257 ninus
348 2192 388 2257 ad
411 2193 604 2279 triumphum
628 2193 850 2258 celebrandum
873 2217 890 2258 e
914 2194 1049 2260 Graecia
1071 2195 1211 2260 attulerit
1233 2202 1405 2259 enumerat

229 2300 301 2364 Hos
339 2322 486 2364 numeros
519 2323 590 2364 eum
623 2299 763 2380 aliunde,
794 2323 856 2364 non
893 2324 932 2365 ex
964 2302 1035 2388 ipso
1067 2302 1234 2367 Tuditano·
1259 2303 1403 2386 cognitos

229 2406 379 2472 hahuisse
402 2407 488 2470 nulla
510 2429 544 2471 re
567 2403 730 2471 indicatur.

336 2513 373 2578 Ο.
385 2514 508 2592 Fannii,
530 2515 584 2598 qui
599 2514 763 2578 annalibus
787 2515 940 2601 imprimis
956 2515 1093 2582 civitatis
1109 2516 1225 2581 liberae
1241 2517 1403 2580 Romanae

230 2620 394 2685 historiam
425 2621 648 2707 conscripsit3,
682 2621 872 2686 Plutarchus
902 2623 1001 2687 semel
1023 2623 1204 2688 testimonio
1239 2625 1338 2687 utitur
1370 2623 1403 2688 in

230 2728 314 2792 vitae
336 2728 407 2793 Tib.
431 2727 567 2793 Gracchi
595 2750 622 2794 c.
645 2732 679 2792 4:
715 2729 852 2797 καὶτοῦ
877 2756 910 2818 γε
931 2729 1055 2814 τείχους
1078 2729 1183 2822 ἐπέβη
1212 2733 1277 2797 τῶν
1299 2733 1402 2798 πυλε-

227 2835 312 2921 μίτυν
335 2838 468 2924 πρῶτος
491 2830 525 2918 (ὁ
552 2836 732 2924 Τιβέριος),
761 2830 806 2916 ὥς
833 2859 912 2927 φησι
940 2834 1077 2917 Φάννιος
1099 2838 1200 2925 λέγων
1229 2838 1287 2906 aui
1307 2831 1399 2914 αὐτὸς

229 2948 274 3032 τῷ
293 2941 434 3032 Τιβερίῳ
457 2945 667 3033 συνεπιβῆναι
691 2943 749 3018 καὶ
771 2949 1002 3029 συμμετασχεῖν
1023 2943 1148 3038 ἐκείνης
1162 2950 1220 3036 τῆς
1235 2940 1402 3033 ἀριστείας.

229 3049 337 3113 Etiam
360 3050 458 3114 altero
482 3050 551 3113 loco
574 3049 687 3114 Fannii
717 3051 906 3115 mentionem
930 3050 1117 3116 Plutarchus
1140 3051 1242 3115 iniicit-
1262 3051 1294 3114 in
1319 3050 1404 3114 vitae

230 3155 266 3219 O.
291 3155 408 3221 Grachi
436 3179 463 3221 c.
487 3161 523 3221 8:
563 3155 738 3224 ἐνστάντων
766 3159 802 3225 δὲ
829 3163 891 3226 τῶν
918 3154 1091 3226 ὑπατικῶν
1115 3157 1322 3249 ἀρχαιρεσίων
1346 3157 1405 3224 καὶ

338 3335 347 3363 ¹
366 3334 397 3387 L.
417 3333 434 3386 l.
454 3352 480 3403 p.
502 3335 561 3388 156.
1220 3389 1222 3393 ,

337 3421 400 3475 ²In
419 3421 496 3475 libris
515 3421 626 3492 quidem
650 3423 862 3493 manuscriptis
884 3440 940 3477 uon
966 3425 994 3477 οἱ
1013 3425 1073 3493 περὶ
1085 3427 1251 3482 ,Τουδιτυνόν
1276 3430 1330 3493 est,
1354 3423 1403 3478 sed

229 3514 256 3565 οἱ
271 3512 331 3580 περὶ
350 3511 394 3564 τὸν
413 3512 515 3574 ι’τανόν,·
535 3510 583 3565 sed
602 3512 656 3564 iam
675 3511 782 3581 pridem
801 3512 844 3565 τὸν
863 3513 949 3566 ι’τανόν
967 3514 996 3567 in
1019 3516 1175 3569 Τουδιτανόν
1193 3495 1332 3569 mutatum
1351 3519 1402 3580 est,

229 3602 258 3655 id
277 3601 352 3672 qnod
371 3618 465 3654 omnes
485 3601 542 3654 fere
560 3601 611 3655 viri
630 3600 705 3656 docti
724 3601 919 3672 probaverunt.
956 3603 1038 3657 Peter
1056 3604 1168 3674 quidem
1187 3603 1233 3658 ll.
1252 3622 1278 3675 p.
1292 3602 1402 3658 ooxn

229 3691 376 3745 lectionem
402 3695 560 3760 corruptam
586 3685 704 3745 fortasse
727 3692 768 3745 ita
792 3691 994 3746 emendandam
1013 3683 1077 3747 'esse
1100 3683 1229 3763 opinatus
1252 3697 1295 3747 est
1319 3698 1353 3746 ut
1377 3692 1402 3744 οἱ

228 3780 288 3848 περὶ
307 3779 351 3832 τὸν
373 3781 446 3833 Τίτον
466 3779 597 3849 (Livium)
616 3780 792 3847 scriberetur;
819 3773 866 3835 sed
886 3781 960 3852 quod
979 3773 1073 3836 Livius
1092 3781 1226 3836 XXXIV
1245 3782 1288 3849 52,
1306 3784 1325 3834 4
1342 3770 1401 3851 sqq.

230 3869 325 3924 eadem
345 3868 379 3922 de
398 3887 427 3922 re
445 3871 585 3939 exposuit,
604 3869 633 3922 id
652 3887 715 3923 cnm
729 3869 881 3924 Plutarcho
900 3888 954 3925 non
969 3871 1036 3925 satis
1050 3872 1178 3928 concinit.
1206 3871 1286 3925 Idem
1301 3887 1402 3925 nomeu

230 3961 258 4013 in
278 3957 412 4012 Macrobii
432 3958 515 4012 SatI
537 3961 578 4025 13,
593 3960 625 4012 21
645 3964 807 4030 corruptum
826 3964 876 4027 est,
895 3977 957 4014 cnm
978 3960 1103 4016 nonnulli
1121 3960 1185 4015 libri
1203 3977 1288 4015 manu
1306 3948 1402 4030 scripti

229 4065 280 4120 pro
295 4047 468 4101 ‘Tuditanus'
488 4047 659 4102 ‘tutidianus⁵
679 4048 809 4103 habeant.

338 4137 408 4190 ³0f.
430 4138 511 4191 Peter
529 4138 545 4191 l.
566 4138 583 4191 l.
603 4156 629 4209 p.
649 4138 737 4192 0011.
