3086 4732
693 289 735 352 41

123 505 275 568 quaeres,
305 505 367 569 qua
396 481 437 547 de
459 505 493 548 rc
517 482 752 548 Bucbholzius1
784 482 844 548 hoc
875 482 1010 550 iudicat:
1042 479 1146 550 ‘vides
1170 533 1302 550 .....

122 589 331 654 Plutarchum
354 590 476 655 timoris
502 613 629 654 causam
652 591 697 654 ita
719 589 909 656 adnexuisse
933 600 969 655 ut
991 591 1077 658 Livii
1101 615 1170 657 esse
1194 591 1302 657 videa·

123 704 193 776 tur,
224 719 411 782 quamquam
440 696 560 761 nullum
584 697 651 761 eius
675 705 725 762 est
747 697 832 783 apud
855 698 983 762 Livium
1006 695 1195 784 vestigium.³
1243 700 1302 763 At·

124 812 233 868 tamen
263 804 355 868 aliter
382 826 433 868 res
463 827 499 868 se
529 802 656 868 videtur
684 804 808 870 habere.
861 804 973 890 Neque
1002 806 1085 870 enim
1112 805 1302 870 Plutarchus

124 911 181 975 illa
203 909 323 975 addens
347 911 434 974 Livii
461 910 554 976 affert
576 911 688 991 verba,
717 934 826 976 verum
858 934 946 976 suam
974 913 1074 998 ipsius
1102 911 1210 999 prodit
1232 935 1303 978 sen-

125 1018 258 1082 tentiam
288 1017 374 1082 Livii
404 1018 502 1083 verba
527 1013 634 1082 ‘timor
660 1019 693 1082 in
723 1018 863 1083 futurum
886 1025 954 1083 erat
975 1015 1107 1084 Romae'
1132 1021 1303 1107 explicans,

126 1124 187 1190 sed
208 1126 253 1189 ita
274 1127 365 1188 utin
389 1126 601 1210 angustiorem
625 1147 753 1190 sensum
781 1148 819 1190 ea
841 1126 1030 1191 contrahens
1054 1127 1215 1192 Romanos
1239 1150 1302 1192 non

126 1231 194 1297 suis
225 1233 351 1296 omnino
380 1232 490 1313 rebuS,
520 1231 577 1297 sed
607 1233 760 1297 Marcello
790 1233 934 1298 timuisse
964 1232 1058 1298 dicat.
1110 1233 1185 1311 Qua
1213 1236 1245 1297 in
1269 1256 1303 1298 re

126 1339 190 1403 etsi
212 1340 315 1404 minus
343 1338 477 1423 diligens
505 1339 581 1420 fnit,
611 1348 715 1405 tamen
747 1340 900 1405 sermonis
930 1339 1038 1404 Latini
1067 1341 1210 1405 inscitiae
1240 1362 1302 1405 non

126 1446 243 1510 meruit
264 1447 392 1512 crimen.

234 1552 303 1618 Iam
326 1552 368 1618 ad
390 1563 565 1619 extremum
589 1555 734 1620 venimus
750 1557 835 1620 vitae
851 1555 996 1620 Marcelli
1019 1562 1124 1642 capnt,
1146 1555 1199 1620 nbi
1215 1553 1303 1619 Mar-

128 1660 199 1725 celli
228 1661 389 1747 sepultura
415 1670 566 1727 narratur.
611 1663 800 1727 Plutarchus
823 1663 932 1746 igitur,
959 1663 1090 1726 aliorum
1114 1664 1302 1748 scriptorum

130 1767 287 1833 mentione
316 1768 417 1833 facta:
465 1769 586 1855 Λίβιος
615 1771 664 1851 δέ,
700 1771 814 1854 inquit,
844 1771 901 1836 ani
930 1776 1062 1857 Καῖσαρ
1092 1766 1109 1836 ὁ
1141 1769 1304 1856 Σεβαστὸς

132 1881 329 1965 κομισθῆναι
360 1873 416 1966 τὴν
448 1870 560 1964 ὑδρίαν
592 1873 676 1964 πρὸς
706 1874 761 1944 τὸν
793 1873 862 1942 vida
895 1874 1042 1965 εἰρήκασι
1074 1875 1130 1942 καὶ
1161 1879 1303 1967 ταφῆναι

127 1985 298 2071 λαμπρῶς.
346 1980 411 2047 Sed
433 1983 546 2047 Livius
569 1981 715 2049 XXVII
739 1984 790 2061 28,
814 1985 833 2045 2
863 1980 903 2045 de
926 1981 1071 2045 Marcelli
1093 1981 1203 2045 sunere
1225 1982 1304 2045 haec

126 2095 251 2152 tantum
279 2088 359 2154 facit
380 2090 494 2154 verba:
524 2083 580 2153 ‘ibi
604 2090 646 2172 (in
670 2088 803 2171 tumulo)
832 2090 995 2153 inventurn
1020 2088 1164 2152 Marcelli
1187 2110 1302 2174 corpus

127 2195 242 2281 sepelit
264 2192 464 2280 (Hannibal).'
512 2195 602 2260 Nihil
629 2195 725 2281 igitur
751 2218 824 2260 curn
854 2217 1018 2259 commune
1041 2194 1157 2260 habeat
1179 2195 1303 2258 Plutar-

127 2302 205 2367 chus
222 2325 292 2366 cum
309 2303 359 2367 his
375 2303 490 2382 verbis,
514 2303 664 2368 memoria
680 2302 808 2367 videtur
822 2301 975 2389 deceptus
992 2324 1071 2383 esse,
1087 2325 1159 2368 cnm
1173 2301 1302 2367 Livium

128 2409 190 2475 sibi
220 2418 379 2474 auctorem
410 2432 480 2474 esse
510 2432 572 2474 non
603 2409 723 2474 diceret
753 2411 807 2475 ubi
836 2410 1025 2474 Marcellum
1054 2410 1094 2475 ab
1121 2409 1302 2474 Hannibale

128 2516 285 2603 sepultum
316 2539 386 2581 esse
415 2519 448 2580 in
478 2517 569 2580 initio
599 2538 625 2581 c.
647 2520 688 2581 30
719 2517 788 2601 ipse
815 2525 968 2596 narraret,
998 2516 1057 2581 sed
1083 2516 1194 2581 eadem
1222 2539 1302 2602 quae

128 2622 296 2688 Caesarem
319 2624 500 2709 Angustum
529 2644 601 2686 eum
629 2621 797 2686 tradidisse
825 2622 966 2686 referret
1012 2622 1111 2686 Error
1133 2624 1229 2706 igitur
1251 2623 1302 2686 hic

127 2738 177 2794 est
199 2729 370 2805 Plutarchi,
393 2752 455 2794 non
479 2731 632 2794 sermonis
656 2729 788 2794 inscitia.

235 2837 310 2902 Una
332 2859 401 2900 cum
425 2838 587 2922 Augusto,
611 2836 751 2922 Nepote,
778 2835 860 2900 Iuba
882 2835 997 2900 citatur
1018 2834 1131 2899 Livius
1154 2835 1185 2899 in
1209 2834 1302 2898 Pelo-

127 2943 221 3030 pidae
245 2966 316 3008 oum
339 2944 492 3008 Marcello
520 2945 763 3030 comparationis
794 2965 819 3006 o.
843 2946 875 3023 1,
907 2941 960 3008 ubi
983 2941 1185 3021 Plutarchus,
1214 2951 1302 3028 post-

127 3073 220 3136 quam
244 3050 410 3136 Polybium
435 3059 563 3115 secutus
586 3050 799 3114 Hannibalem
822 3072 841 3113 a
863 3049 1016 3113 Marcello
1044 3072 1204 3134 nunquam
1231 3071 1301 3114 esse

128 3165 310 3244 superatum
332 3157 476 3238 tradidit,
504 3158 550 3222 sic
574 3158 692 3243 pergit:
732 3154 826 3248 ἡμεῖς
853 3158 889 3224 δὲ
918 3156 1044 3245 Λιβίῳ,
1072 3156 1217 3245 Καίσαρι
1245 3157 1302 3224 καὶ

128 3266 265 3332 Νέπωτι
290 3266 346 3332 καὶ
369 3267 432 3332 τῶν
447 3261 637 3357 Ἑλληνικῶν
660 3270 707 3353 τῷ
730 3267 857 3351 βασιλεῖ
880 3258 964 3354 Ἰόβα
987 3263 1182 3350 πιστεύομεν
1204 3262 1303 3353 ἥττας

128 3370 218 3452 τινας
240 3373 297 3440 καὶ
326 3372 453 3460 τροπὰς
482 3369 551 3440 ὑπὸ
582 3372 780 3459 Μαρκέλλου
810 3375 872 3438 τῶν
902 3369 960 3439 σῦν
981 3363 1114 3461 Ἀννίβᾳ
1141 3374 1300 3458 γενέσθαι.

127 3478 179 3542 Ibi
202 3500 265 3542 non
289 3480 357 3542 sine
381 3500 475 3543 causa
491 3479 618 3542 Livium
642 3487 802 3543 auctorem
826 3477 956 3564 profert.
994 3478 1077 3542 Nam
1101 3500 1229 3542 revera
1251 3476 1302 3540 hic

127 3585 274 3653 XXVII
305 3589 334 3664 2,
360 3589 399 3650 10
424 3607 490 3670 sqq.
543 3585 756 3649 Hannibalem
789 3585 908 3670 aliquot
938 3584 1067 3670 proeliis
1099 3607 1118 3647 a
1149 3583 1301 3647 Marcello

128 3700 309 3778 superatum
326 3714 396 3756 esse
412 3691 532 3756 indicat
546 3714 617 3755 cum
633 3691 726 3756 dicit:
747 3688 854 3755 ‘nocte
870 3691 1047 3776 insequenti
1067 3696 1151 3775 (post
1164 3712 1302 3776 pugnam

127 3797 169 3864 ad
191 3799 429 3864 Numistronem
457 3799 584 3883 factam)
613 3797 776 3862 Hannibal
806 3797 931 3862 silentio
961 3798 1062 3861 movit
1089 3805 1191 3861 castra
1214 3806 1247 3862 et
1269 3799 1300 3861 in

127 3906 278 3993 Apuliam
301 3905 402 3971 abiit.
419 3929 450 3970 .;
473 3906 518 3971 ibi
542 3903 593 3990 (ad
608 3905 797 3988 Venusiam)
819 3926 877 3991 per
899 3903 968 3968 dies
991 3903 1180 3992 aliquot...
1203 3905 1302 3972 mlxta

237 4138 297 4196 ²L.
317 4138 335 4192 l.
354 4156 380 4212 p.
400 4138 443 4195 40.
