<?xml version="1.0" encoding="UTF-8"?>
<!DOCTYPE html PUBLIC "-//W3C//DTD XHTML 1.0 Transitional//EN"
    "http://www.w3.org/TR/xhtml1/DTD/xhtml1-transitional.dtd">
<html xmlns="http://www.w3.org/1999/xhtml" xml:lang="en" lang="en">
 <head>
  <title>
</title>
<meta http-equiv="Content-Type" content="text/html;charset=utf-8" />
  <meta name='ocr-system' content='tesseract 3.04.00' />
  <meta name='ocr-capabilities' content='ocr_page ocr_carea ocr_par ocr_line ocrx_word'/>
</head>
<body>
  <div class='ocr_page' id='page_1' title='image "./descriptorumlat00vorngoog_0066.png"; bbox 0 0 3086 4732; ppageno 0'>
   <div class='ocr_carea' id='block_1_1' title="bbox 702 262 742 328">
    <p class='ocr_par' dir='ltr' id='par_1_1' title="bbox 702 262 742 328">
     <span class='ocr_line' id='line_1_1' title="bbox 702 262 742 328; baseline 0.025 -1"><span class='ocrx_word' id='word_1_1' title='bbox 702 262 742 328; x_wconf 85' lang='grc'>61</span> 
     </span>
    </p>
   </div>
   <div class='ocr_carea' id='block_1_2' title="bbox 135 458 1310 649">
    <p class='ocr_par' dir='ltr' id='par_1_2' title="bbox 135 458 1310 649">
     <span class='ocr_line' id='line_1_2' title="bbox 135 458 1310 559; baseline 0.002 -35"><span class='ocrx_word' id='word_1_2' title='bbox 135 482 197 546; x_wconf 89' lang='lat' dir='ltr'><strong>qua</strong></span> <span class='ocrx_word' id='word_1_3' title='bbox 220 459 252 523; x_wconf 94' lang='lat' dir='ltr'><strong>in</strong></span> <span class='ocrx_word' id='word_1_4' title='bbox 276 458 428 546; x_wconf 89' lang='lat' dir='ltr'><strong>oppidum</strong></span> <span class='ocrx_word' id='word_1_5' title='bbox 451 467 614 546; x_wconf 87' lang='lat' dir='ltr'><strong>portarent</strong></span> <span class='ocrx_word' id='word_1_6' title='bbox 631 466 738 546; x_wconf 85' lang='lat' dir='ltr'><strong>portas</strong></span> <span class='ocrx_word' id='word_1_7' title='bbox 754 460 831 542; x_wconf 84' lang='lat' dir='ltr'><strong>(scil.</strong></span> <span class='ocrx_word' id='word_1_8' title='bbox 847 460 1072 559; x_wconf 81' lang='lat' dir='ltr'><strong>nominabant).</strong></span> <span class='ocrx_word' id='word_1_9' title='bbox 1095 460 1213 547; x_wconf 88' lang='lat' dir='ltr'><strong>oppida</strong></span> <span class='ocrx_word' id='word_1_10' title='bbox 1235 483 1310 526; x_wconf 91' lang='lat' dir='ltr'><strong>con-</strong></span> 
     </span>
     <span class='ocr_line' id='line_1_3' title="bbox 136 566 1309 649; baseline 0.001 -18"><span class='ocrx_word' id='word_1_11' title='bbox 136 566 255 633; x_wconf 86' lang='lat' dir='ltr'><strong>debant</strong></span> <span class='ocrx_word' id='word_1_12' title='bbox 276 569 308 631; x_wconf 92' lang='lat' dir='ltr'><strong>in</strong></span> <span class='ocrx_word' id='word_1_13' title='bbox 332 566 427 631; x_wconf 86' lang='lat' dir='ltr'><strong>Latio</strong></span> <span class='ocrx_word' id='word_1_14' title='bbox 449 567 586 631; x_wconf 86' lang='lat' dir='ltr'><strong>Etrusco</strong></span> <span class='ocrx_word' id='word_1_15' title='bbox 609 567 671 632; x_wconf 90' lang='lat' dir='ltr'><strong>ritu</strong></span> <span class='ocrx_word' id='word_1_16' title='bbox 694 567 795 646; x_wconf 90' lang='lat' dir='ltr'><strong>multi,</strong></span> <span class='ocrx_word' id='word_1_17' title='bbox 818 566 852 632; x_wconf 90' lang='lat' dir='ltr'><strong>id</strong></span> <span class='ocrx_word' id='word_1_18' title='bbox 874 575 925 632; x_wconf 91' lang='lat' dir='ltr'><strong>est</strong></span> <span class='ocrx_word' id='word_1_19' title='bbox 946 567 1061 632; x_wconf 89' lang='lat' dir='ltr'><strong>iunctis</strong></span> <span class='ocrx_word' id='word_1_20' title='bbox 1085 567 1196 649; x_wconf 91' lang='lat' dir='ltr'><strong>bobus,</strong></span> <span class='ocrx_word' id='word_1_21' title='bbox 1219 576 1309 633; x_wconf 88' lang='lat' dir='ltr'><strong>tauro</strong></span> 
     </span>
    </p>
   </div>
   <div class='ocr_carea' id='block_1_3' title="bbox 15 673 1311 1296">
    <p class='ocr_par' dir='ltr' id='par_1_3' title="bbox 15 673 1311 1296">
     <span class='ocr_line' id='line_1_4' title="bbox 135 673 1311 759; baseline 0.001 -20"><span class='ocrx_word' id='word_1_22' title='bbox 135 681 168 739; x_wconf 91' lang='lat' dir='ltr'><strong>et</strong></span> <span class='ocrx_word' id='word_1_23' title='bbox 190 695 288 740; x_wconf 88' lang='lat' dir='ltr'><strong>vacca</strong></span> <span class='ocrx_word' id='word_1_24' title='bbox 316 675 465 739; x_wconf 87' lang='lat' dir='ltr'><strong>interiore</strong></span> <span class='ocrx_word' id='word_1_25' title='bbox 494 681 599 738; x_wconf 78' lang='lat' dir='ltr'><strong>aratro</strong></span> <span class='ocrx_word' id='word_1_26' title='bbox 628 673 881 759; x_wconf 77' lang='lat' dir='ltr'><strong>circumagebant</strong></span> <span class='ocrx_word' id='word_1_27' title='bbox 904 674 1035 739; x_wconf 90' lang='lat' dir='ltr'><strong>sulcum.</strong></span> <span class='ocrx_word' id='word_1_28' title='bbox 1064 675 1125 739; x_wconf 92' lang='lat' dir='ltr'><strong>hoc</strong></span> <span class='ocrx_word' id='word_1_29' title='bbox 1152 674 1311 740; x_wconf 86' lang='lat' dir='ltr'><strong>faciebant</strong></span> 
     </span>
     <span class='ocr_line' id='line_1_5' title="bbox 134 771 1308 867; baseline -0.001 -21"><span class='ocrx_word' id='word_1_30' title='bbox 134 781 295 865; x_wconf 81' lang='lat' dir='ltr'><strong>religionis</strong></span> <span class='ocrx_word' id='word_1_31' title='bbox 318 803 415 846; x_wconf 90' lang='lat' dir='ltr'><strong>causa</strong></span> <span class='ocrx_word' id='word_1_32' title='bbox 436 780 489 845; x_wconf 88' lang='lat' dir='ltr'><strong>die</strong></span> <span class='ocrx_word' id='word_1_33' title='bbox 511 782 689 867; x_wconf 86' lang='lat' dir='ltr'><strong>auspicato,</strong></span> <span class='ocrx_word' id='word_1_34' title='bbox 712 797 748 845; x_wconf 88' lang='lat' dir='ltr'><strong>ut</strong></span> <span class='ocrx_word' id='word_1_35' title='bbox 769 780 859 846; x_wconf 82' lang='lat' dir='ltr'><strong>fossa</strong></span> <span class='ocrx_word' id='word_1_36' title='bbox 882 788 914 846; x_wconf 89' lang='lat' dir='ltr'><strong>et</strong></span> <span class='ocrx_word' id='word_1_37' title='bbox 936 771 1025 845; x_wconf 87' lang='lat' dir='ltr'><strong>muro</strong></span> <span class='ocrx_word' id='word_1_38' title='bbox 1049 788 1156 846; x_wconf 82' lang='lat' dir='ltr'><strong>essent</strong></span> <span class='ocrx_word' id='word_1_39' title='bbox 1178 777 1308 848; x_wconf 82' lang='lat' dir='ltr'><strong>muniti&#39;</strong></span> 
     </span>
     <span class='ocr_line' id='line_1_6' title="bbox 134 887 1310 975; baseline 0 -23"><span class='ocrx_word' id='word_1_40' title='bbox 134 887 227 966; x_wconf 77' lang='lat' dir='ltr'><strong>Quae</strong></span> <span class='ocrx_word' id='word_1_41' title='bbox 264 910 453 974; x_wconf 90' lang='lat' dir='ltr'><strong>quamquam</strong></span> <span class='ocrx_word' id='word_1_42' title='bbox 490 887 605 952; x_wconf 83' lang='lat' dir='ltr'><strong>similia</strong></span> <span class='ocrx_word' id='word_1_43' title='bbox 642 895 730 968; x_wconf 90' lang='lat' dir='ltr'><strong>sunt,</strong></span> <span class='ocrx_word' id='word_1_44' title='bbox 767 896 871 952; x_wconf 87' lang='lat' dir='ltr'><strong>tamen</strong></span> <span class='ocrx_word' id='word_1_45' title='bbox 909 895 1070 974; x_wconf 88' lang='lat' dir='ltr'><strong>postrema</strong></span> <span class='ocrx_word' id='word_1_46' title='bbox 1106 910 1187 974; x_wconf 85' lang='lat' dir='ltr'><strong>quae</strong></span> <span class='ocrx_word' id='word_1_47' title='bbox 1224 887 1310 975; x_wconf 86' lang='lat' dir='ltr'><strong>apud</strong></span> 
     </span>
     <span class='ocr_line' id='line_1_7' title="bbox 16 989 1309 1081; baseline 0.001 -23"><span class='ocrx_word' id='word_1_48' title='bbox 16 989 17 1000; x_wconf 69' lang='grc'>’</span> <span class='ocrx_word' id='word_1_49' title='bbox 137 993 338 1059; x_wconf 79' lang='lat' dir='ltr'><strong>Plutarchum</strong></span> <span class='ocrx_word' id='word_1_50' title='bbox 367 993 571 1060; x_wconf 89' lang='lat' dir='ltr'><strong>inveniuntur</strong></span> <span class='ocrx_word' id='word_1_51' title='bbox 597 994 797 1062; x_wconf 88' lang='lat' dir='ltr'><strong>aVarronis</strong></span> <span class='ocrx_word' id='word_1_52' title='bbox 827 995 896 1059; x_wconf 92' lang='lat' dir='ltr'><strong>loco</strong></span> <span class='ocrx_word' id='word_1_53' title='bbox 925 995 1050 1060; x_wconf 84' lang='lat' dir='ltr'><strong>absunt.</strong></span> <span class='ocrx_word' id='word_1_54' title='bbox 1095 995 1208 1081; x_wconf 92' lang='lat' dir='ltr'><strong>Itaque</strong></span> <span class='ocrx_word' id='word_1_55' title='bbox 1237 1018 1309 1061; x_wconf 89' lang='lat' dir='ltr'><strong>cum</strong></span> 
     </span>
     <span class='ocr_line' id='line_1_8' title="bbox 16 1101 1310 1188; baseline 0.002 -22"><span class='ocrx_word' id='word_1_56' title='bbox 16 1109 17 1120; x_wconf 59' lang='lat'>¹</span> <span class='ocrx_word' id='word_1_57' title='bbox 134 1101 323 1166; x_wconf 84' lang='lat' dir='ltr'><strong>Plutarchus</strong></span> <span class='ocrx_word' id='word_1_58' title='bbox 346 1101 429 1166; x_wconf 92' lang='lat' dir='ltr'><strong>hunc</strong></span> <span class='ocrx_word' id='word_1_59' title='bbox 444 1103 639 1188; x_wconf 86' lang='lat' dir='ltr'><strong>expressisse</strong></span> <span class='ocrx_word' id='word_1_60' title='bbox 655 1109 799 1188; x_wconf 88' lang='lat' dir='ltr'><strong>nequeat,</strong></span> <span class='ocrx_word' id='word_1_61' title='bbox 824 1101 981 1168; x_wconf 88' lang='lat' dir='ltr'><strong>Varronis</strong></span> <span class='ocrx_word' id='word_1_62' title='bbox 1004 1125 1097 1188; x_wconf 91' lang='lat' dir='ltr'><strong>quam</strong></span> <span class='ocrx_word' id='word_1_63' title='bbox 1120 1102 1240 1188; x_wconf 83' lang='lat' dir='ltr'><strong>profert</strong></span> <span class='ocrx_word' id='word_1_64' title='bbox 1264 1105 1310 1168; x_wconf 87' lang='lat' dir='ltr'><strong>rei</strong></span> 
     </span>
     <span class='ocr_line' id='line_1_9' title="bbox 15 1201 838 1296; baseline -0.006 -18"><span class='ocrx_word' id='word_1_65' title='bbox 15 1259 16 1278; x_wconf 69' lang='lat'><strong>.</strong></span> <span class='ocrx_word' id='word_1_66' title='bbox 134 1208 378 1295; x_wconf 83' lang='lat' dir='ltr'><strong>descriptionem</strong></span> <span class='ocrx_word' id='word_1_67' title='bbox 400 1209 435 1274; x_wconf 92' lang='lat' dir='ltr'><strong>in</strong></span> <span class='ocrx_word' id='word_1_68' title='bbox 457 1209 561 1274; x_wconf 81' lang='lat' dir='ltr'><strong>Astiis</strong></span> <span class='ocrx_word' id='word_1_69' title='bbox 584 1209 700 1294; x_wconf 85' lang='lat' dir='ltr'><strong>legisse</strong></span> <span class='ocrx_word' id='word_1_70' title='bbox 722 1201 838 1296; x_wconf 81' lang='lat' dir='ltr'><strong>potest.</strong></span> 
     </span>
    </p>
   </div>
   <div class='ocr_carea' id='block_1_4' title="bbox 134 1315 1311 2906">
    <p class='ocr_par' dir='ltr' id='par_1_4' title="bbox 134 1315 1311 1916">
     <span class='ocr_line' id='line_1_10' title="bbox 241 1315 1310 1402; baseline 0.003 -23"><span class='ocrx_word' id='word_1_71' title='bbox 241 1315 281 1379; x_wconf 94' lang='lat' dir='ltr'><strong>In</strong></span> <span class='ocrx_word' id='word_1_72' title='bbox 304 1338 356 1402; x_wconf 90' lang='lat' dir='ltr'><strong>qu.</strong></span> <span class='ocrx_word' id='word_1_73' title='bbox 369 1318 410 1381; x_wconf 86' lang='lat'><strong>90</strong></span> <span class='ocrx_word' id='word_1_74' title='bbox 434 1315 623 1381; x_wconf 82' lang='lat' dir='ltr'><strong>Plutarchus</strong></span> <span class='ocrx_word' id='word_1_75' title='bbox 645 1319 819 1402; x_wconf 86' lang='lat' dir='ltr'><strong>interrogat</strong></span> <span class='ocrx_word' id='word_1_76' title='bbox 840 1338 904 1398; x_wconf 91' lang='lat' dir='ltr'><strong>cnr,</strong></span> <span class='ocrx_word' id='word_1_77' title='bbox 926 1338 997 1381; x_wconf 91' lang='lat' dir='ltr'><strong>cum</strong></span> <span class='ocrx_word' id='word_1_78' title='bbox 1013 1316 1146 1382; x_wconf 90' lang='lat' dir='ltr'><strong>Herculi</strong></span> <span class='ocrx_word' id='word_1_79' title='bbox 1168 1317 1310 1382; x_wconf 89' lang='lat' dir='ltr'><strong>immole-</strong></span> 
     </span>
     <span class='ocr_line' id='line_1_11' title="bbox 134 1422 1309 1514; baseline 0.004 -26"><span class='ocrx_word' id='word_1_80' title='bbox 134 1431 195 1504; x_wconf 90' lang='lat' dir='ltr'><strong>tur,</strong></span> <span class='ocrx_word' id='word_1_81' title='bbox 217 1423 322 1487; x_wconf 87' lang='lat' dir='ltr'><strong>nullus</strong></span> <span class='ocrx_word' id='word_1_82' title='bbox 346 1423 425 1488; x_wconf 87' lang='lat' dir='ltr'><strong>alius</strong></span> <span class='ocrx_word' id='word_1_83' title='bbox 448 1422 528 1488; x_wconf 87' lang='lat' dir='ltr'><strong>deus</strong></span> <span class='ocrx_word' id='word_1_84' title='bbox 556 1425 736 1488; x_wconf 89' lang='lat' dir='ltr'><strong>nominetur</strong></span> <span class='ocrx_word' id='word_1_85' title='bbox 762 1445 865 1508; x_wconf 91' lang='lat' dir='ltr'><strong>neque</strong></span> <span class='ocrx_word' id='word_1_86' title='bbox 892 1424 978 1488; x_wconf 89' lang='lat' dir='ltr'><strong>canis</strong></span> <span class='ocrx_word' id='word_1_87' title='bbox 1001 1423 1083 1488; x_wconf 90' lang='lat' dir='ltr'><strong>ullus</strong></span> <span class='ocrx_word' id='word_1_88' title='bbox 1106 1425 1189 1488; x_wconf 88' lang='lat' dir='ltr'><strong>inter</strong></span> <span class='ocrx_word' id='word_1_89' title='bbox 1211 1450 1309 1514; x_wconf 78' lang='grc' dir='ltr'><em>περι-</em></span> 
     </span>
     <span class='ocr_line' id='line_1_12' title="bbox 135 1527 1311 1623; baseline -0.003 -23"><span class='ocrx_word' id='word_1_90' title='bbox 135 1529 251 1619; x_wconf 79' lang='grc' dir='ltr'><strong><em>βόλους</em></strong></span> <span class='ocrx_word' id='word_1_91' title='bbox 272 1531 493 1616; x_wconf 89' lang='lat' dir='ltr'><strong>conspiciatur,</strong></span> <span class='ocrx_word' id='word_1_92' title='bbox 522 1527 568 1611; x_wconf 85' lang='grc' dir='ltr'><strong>ὡς</strong></span> <span class='ocrx_word' id='word_1_93' title='bbox 589 1529 724 1620; x_wconf 80' lang='grc' dir='ltr'><em>Βάρρων</em></span> <span class='ocrx_word' id='word_1_94' title='bbox 748 1529 923 1623; x_wconf 74' lang='grc' dir='ltr'><em>ἱστόρηκεν.</em></span> <span class='ocrx_word' id='word_1_95' title='bbox 970 1529 1168 1596; x_wconf 80' lang='lat' dir='ltr'><strong>Merkelius1</strong></span> <span class='ocrx_word' id='word_1_96' title='bbox 1191 1531 1269 1596; x_wconf 90' lang='lat' dir='ltr'><strong>haec</strong></span> <span class='ocrx_word' id='word_1_97' title='bbox 1291 1554 1311 1596; x_wconf 89' lang='lat' dir='ltr'><strong>a</strong></span> 
     </span>
     <span class='ocr_line' id='line_1_13' title="bbox 138 1637 1309 1724; baseline -0.001 -20"><span class='ocrx_word' id='word_1_98' title='bbox 138 1637 291 1705; x_wconf 87' lang='lat' dir='ltr'><strong>Varronis</strong></span> <span class='ocrx_word' id='word_1_99' title='bbox 307 1637 542 1723; x_wconf 85' lang='lat' dir='ltr'><strong>Antiquitatum</strong></span> <span class='ocrx_word' id='word_1_100' title='bbox 559 1637 736 1702; x_wconf 87' lang='lat' dir='ltr'><strong>divinarum</strong></span> <span class='ocrx_word' id='word_1_101' title='bbox 752 1638 833 1702; x_wconf 93' lang='lat' dir='ltr'><strong>libro</strong></span> <span class='ocrx_word' id='word_1_102' title='bbox 845 1637 936 1702; x_wconf 89' lang='lat' dir='ltr'>XIII</span> <span class='ocrx_word' id='word_1_103' title='bbox 952 1638 1053 1724; x_wconf 91' lang='lat' dir='ltr'><strong>petita</strong></span> <span class='ocrx_word' id='word_1_104' title='bbox 1067 1660 1138 1703; x_wconf 90' lang='lat' dir='ltr'><strong>esse</strong></span> <span class='ocrx_word' id='word_1_105' title='bbox 1153 1640 1309 1724; x_wconf 86' lang='lat' dir='ltr'><strong>opinatur,</strong></span> 
     </span>
     <span class='ocr_line' id='line_1_14' title="bbox 138 1743 1310 1830; baseline 0.003 -24"><span class='ocrx_word' id='word_1_106' title='bbox 138 1743 171 1806; x_wconf 93' lang='lat' dir='ltr'><strong>in</strong></span> <span class='ocrx_word' id='word_1_107' title='bbox 193 1743 317 1828; x_wconf 90' lang='lat' dir='ltr'><strong>quode</strong></span> <span class='ocrx_word' id='word_1_108' title='bbox 340 1746 438 1809; x_wconf 89' lang='lat' dir='ltr'><strong>sacris</strong></span> <span class='ocrx_word' id='word_1_109' title='bbox 461 1744 596 1830; x_wconf 87' lang='lat' dir='ltr'><strong>publicis</strong></span> <span class='ocrx_word' id='word_1_110' title='bbox 619 1744 726 1812; x_wconf 87' lang='lat' dir='ltr'><strong>Varro</strong></span> <span class='ocrx_word' id='word_1_111' title='bbox 749 1746 933 1830; x_wconf 82' lang='lat' dir='ltr'><strong>exposuerit</strong></span> <span class='ocrx_word' id='word_1_112' title='bbox 939 1768 948 1824; x_wconf 90' lang='lat'>;</span> <span class='ocrx_word' id='word_1_113' title='bbox 978 1743 1036 1808; x_wconf 91' lang='lat' dir='ltr'><strong>sed</strong></span> <span class='ocrx_word' id='word_1_114' title='bbox 1063 1744 1123 1808; x_wconf 92' lang='lat' dir='ltr'><strong>hoc</strong></span> <span class='ocrx_word' id='word_1_115' title='bbox 1145 1746 1239 1809; x_wconf 91' lang='lat' dir='ltr'><strong>nimis</strong></span> <span class='ocrx_word' id='word_1_116' title='bbox 1262 1748 1310 1809; x_wconf 93' lang='lat' dir='ltr'><strong>in-</strong></span> 
     </span>
     <span class='ocr_line' id='line_1_15' title="bbox 136 1849 607 1916; baseline 0.004 -2"><span class='ocrx_word' id='word_1_117' title='bbox 136 1859 255 1915; x_wconf 90' lang='lat' dir='ltr'><strong>certum</strong></span> <span class='ocrx_word' id='word_1_118' title='bbox 278 1850 355 1915; x_wconf 92' lang='lat' dir='ltr'><strong>mihi</strong></span> <span class='ocrx_word' id='word_1_119' title='bbox 378 1849 505 1916; x_wconf 90' lang='lat' dir='ltr'><strong>videtur</strong></span> <span class='ocrx_word' id='word_1_120' title='bbox 528 1873 607 1916; x_wconf 88' lang='lat' dir='ltr'><strong>esse.</strong></span> 
     </span>
    </p>

    <p class='ocr_par' dir='ltr' id='par_1_5' title="bbox 134 1957 1311 2906">
     <span class='ocr_line' id='line_1_16' title="bbox 241 1957 1309 2045; baseline 0.003 -24"><span class='ocrx_word' id='word_1_121' title='bbox 241 1957 281 2021; x_wconf 94' lang='lat' dir='ltr'><strong>In</strong></span> <span class='ocrx_word' id='word_1_122' title='bbox 309 1981 361 2044; x_wconf 89' lang='lat' dir='ltr'><strong>qu.</strong></span> <span class='ocrx_word' id='word_1_123' title='bbox 386 1960 448 2023; x_wconf 87' lang='lat'><strong>101</strong></span> <span class='ocrx_word' id='word_1_124' title='bbox 473 1957 672 2038; x_wconf 88' lang='lat' dir='ltr'><strong>Plutarchus,</strong></span> <span class='ocrx_word' id='word_1_125' title='bbox 702 1967 739 2022; x_wconf 91' lang='lat' dir='ltr'><strong>ut</strong></span> <span class='ocrx_word' id='word_1_126' title='bbox 767 1957 939 2044; x_wconf 84' lang='lat' dir='ltr'><strong>explicaret</strong></span> <span class='ocrx_word' id='word_1_127' title='bbox 967 1980 1065 2044; x_wconf 90' lang='lat' dir='ltr'><strong>quare</strong></span> <span class='ocrx_word' id='word_1_128' title='bbox 1095 1959 1186 2045; x_wconf 90' lang='lat' dir='ltr'><strong>pueri</strong></span> <span class='ocrx_word' id='word_1_129' title='bbox 1215 1959 1309 2024; x_wconf 91' lang='lat' dir='ltr'><strong>bullis</strong></span> 
     </span>
     <span class='ocr_line' id='line_1_17' title="bbox 135 2064 1309 2152; baseline 0.001 -23"><span class='ocrx_word' id='word_1_130' title='bbox 135 2072 333 2146; x_wconf 88' lang='lat' dir='ltr'><strong>ornarentur,</strong></span> <span class='ocrx_word' id='word_1_131' title='bbox 361 2073 426 2129; x_wconf 87' lang='lat' dir='ltr'><strong>tres</strong></span> <span class='ocrx_word' id='word_1_132' title='bbox 450 2064 556 2151; x_wconf 89' lang='lat' dir='ltr'><strong>prodit</strong></span> <span class='ocrx_word' id='word_1_133' title='bbox 578 2087 706 2146; x_wconf 73' lang='lat' dir='ltr'><strong>causas,</strong></span> <span class='ocrx_word' id='word_1_134' title='bbox 736 2064 852 2130; x_wconf 90' lang='lat' dir='ltr'><strong>deinde</strong></span> <span class='ocrx_word' id='word_1_135' title='bbox 876 2066 1033 2131; x_wconf 87' lang='lat' dir='ltr'><strong>Varronis</strong></span> <span class='ocrx_word' id='word_1_136' title='bbox 1056 2067 1238 2152; x_wconf 91' lang='lat' dir='ltr'><strong>opinionem</strong></span> <span class='ocrx_word' id='word_1_137' title='bbox 1259 2065 1309 2130; x_wconf 89' lang='lat' dir='ltr'><strong>his</strong></span> 
     </span>
     <span class='ocr_line' id='line_1_18' title="bbox 136 2164 1310 2264; baseline 0.003 -26"><span class='ocrx_word' id='word_1_138' title='bbox 136 2173 241 2238; x_wconf 89' lang='lat' dir='ltr'><strong>verbis</strong></span> <span class='ocrx_word' id='word_1_139' title='bbox 256 2171 390 2237; x_wconf 85' lang='lat' dir='ltr'><strong>refutat:</strong></span> <span class='ocrx_word' id='word_1_140' title='bbox 414 2164 510 2259; x_wconf 77' lang='grc' dir='ltr'><strong>ὃμὲν</strong></span> <span class='ocrx_word' id='word_1_141' title='bbox 531 2170 593 2261; x_wconf 79' lang='grc' dir='ltr'><strong>γὰρ</strong></span> <span class='ocrx_word' id='word_1_142' title='bbox 615 2171 646 2240; x_wconf 81' lang='lat' dir='ltr'><strong>oi</strong></span> <span class='ocrx_word' id='word_1_143' title='bbox 671 2173 747 2262; x_wconf 78' lang='grc' dir='ltr'><em>περὶ</em></span> <span class='ocrx_word' id='word_1_144' title='bbox 764 2171 922 2264; x_wconf 78' lang='grc' dir='ltr'><em>Βάρρωνα</em></span> <span class='ocrx_word' id='word_1_145' title='bbox 939 2174 1085 2260; x_wconf 71' lang='grc' dir='ltr'><em>λέγουσιν</em></span> <span class='ocrx_word' id='word_1_146' title='bbox 1108 2169 1145 2242; x_wconf 80' lang='grc' dir='ltr'><strong>οὗ</strong></span> <span class='ocrx_word' id='word_1_147' title='bbox 1163 2172 1310 2242; x_wconf 73' lang='grc' dir='ltr'><em>πιθανόν</em></span> 
     </span>
     <span class='ocr_line' id='line_1_19' title="bbox 135 2273 1310 2373; baseline 0.002 -26"><span class='ocrx_word' id='word_1_148' title='bbox 135 2281 213 2364; x_wconf 82' lang='grc' dir='ltr'><strong><em>ἐστι,</em></strong></span> <span class='ocrx_word' id='word_1_149' title='bbox 237 2282 293 2368; x_wconf 64' lang='grc' dir='ltr'><strong>τῆς</strong></span> <span class='ocrx_word' id='word_1_150' title='bbox 313 2276 451 2372; x_wconf 77' lang='grc' dir='ltr'><em>βούλλης</em></span> <span class='ocrx_word' id='word_1_151' title='bbox 472 2273 541 2347; x_wconf 76' lang='grc' dir='ltr'><strong>ὑπὸ</strong></span> <span class='ocrx_word' id='word_1_152' title='bbox 564 2278 715 2348; x_wconf 77' lang='grc' dir='ltr'><em>Αἶολέωο</em></span> <span class='ocrx_word' id='word_1_153' title='bbox 738 2277 859 2366; x_wconf 81' lang='grc' dir='ltr'><em>βόλλας</em></span> <span class='ocrx_word' id='word_1_154' title='bbox 881 2281 1196 2373; x_wconf 79' lang='grc' dir='ltr'><em>προσαγορευομένης</em></span> <span class='ocrx_word' id='word_1_155' title='bbox 1217 2284 1310 2350; x_wconf 79' lang='grc' dir='ltr'><em>τοῦτο</em></span> 
     </span>
     <span class='ocr_line' id='line_1_20' title="bbox 136 2381 1310 2476; baseline -0.002 -22"><span class='ocrx_word' id='word_1_156' title='bbox 136 2384 297 2474; x_wconf 79' lang='grc' dir='ltr'><em>σύμβολον</em></span> <span class='ocrx_word' id='word_1_157' title='bbox 320 2381 491 2474; x_wconf 77' lang='grc' dir='ltr'><em>εὐβουλίας</em></span> <span class='ocrx_word' id='word_1_158' title='bbox 513 2385 749 2476; x_wconf 70' lang='grc' dir='ltr'><em>περιτίθεσθαι</em></span> <span class='ocrx_word' id='word_1_159' title='bbox 772 2383 846 2468; x_wconf 76' lang='grc' dir='ltr'><em>τοὺς</em></span> <span class='ocrx_word' id='word_1_160' title='bbox 867 2390 1004 2469; x_wconf 79' lang='grc' dir='ltr'><em>παῖδας.</em></span> <span class='ocrx_word' id='word_1_161' title='bbox 1049 2387 1194 2453; x_wconf 82' lang='lat' dir='ltr'><strong>Eandem</strong></span> <span class='ocrx_word' id='word_1_162' title='bbox 1216 2387 1310 2452; x_wconf 87' lang='lat' dir='ltr'><strong>huius</strong></span> 
     </span>
     <span class='ocr_line' id='line_1_21' title="bbox 135 2490 1311 2580; baseline 0.001 -21"><span class='ocrx_word' id='word_1_163' title='bbox 135 2495 226 2559; x_wconf 87' lang='lat' dir='ltr'><strong>vocis</strong></span> <span class='ocrx_word' id='word_1_164' title='bbox 249 2493 314 2560; x_wconf 91' lang='lat' dir='ltr'><strong>vim</strong></span> <span class='ocrx_word' id='word_1_165' title='bbox 337 2493 460 2580; x_wconf 82' lang='lat' dir='ltr'><strong>profert</strong></span> <span class='ocrx_word' id='word_1_166' title='bbox 477 2492 595 2558; x_wconf 87' lang='lat' dir='ltr'><strong>Paulus</strong></span> <span class='ocrx_word' id='word_1_167' title='bbox 614 2493 777 2558; x_wconf 87' lang='lat' dir='ltr'><strong>Diaconus</strong></span> <span class='ocrx_word' id='word_1_168' title='bbox 801 2515 825 2558; x_wconf 81' lang='lat' dir='ltr'><strong>a.</strong></span> <span class='ocrx_word' id='word_1_169' title='bbox 849 2517 879 2560; x_wconf 93' lang='lat' dir='ltr'><strong>v.</strong></span> <span class='ocrx_word' id='word_1_170' title='bbox 901 2493 1002 2559; x_wconf 91' lang='lat' dir='ltr'><strong>bulla:</strong></span> <span class='ocrx_word' id='word_1_171' title='bbox 1024 2490 1123 2558; x_wconf 83' lang='lat' dir='ltr'><strong>‘bulla</strong></span> <span class='ocrx_word' id='word_1_172' title='bbox 1146 2517 1241 2559; x_wconf 87' lang='lat' dir='ltr'><strong>aurea</strong></span> <span class='ocrx_word' id='word_1_173' title='bbox 1262 2495 1311 2560; x_wconf 94' lang='lat' dir='ltr'><strong>in-</strong></span> 
     </span>
     <span class='ocr_line' id='line_1_22' title="bbox 135 2599 1311 2688; baseline 0.003 -24"><span class='ocrx_word' id='word_1_174' title='bbox 135 2601 226 2686; x_wconf 85' lang='lat' dir='ltr'><strong>signe</strong></span> <span class='ocrx_word' id='word_1_175' title='bbox 249 2609 317 2664; x_wconf 88' lang='lat' dir='ltr'><strong>erat</strong></span> <span class='ocrx_word' id='word_1_176' title='bbox 339 2622 508 2686; x_wconf 92' lang='lat' dir='ltr'><strong>puerorum</strong></span> <span class='ocrx_word' id='word_1_177' title='bbox 531 2607 807 2686; x_wconf 84' lang='lat' dir='ltr'><strong>praetextatomm,</strong></span> <span class='ocrx_word' id='word_1_178' title='bbox 830 2622 910 2685; x_wconf 90' lang='lat' dir='ltr'><strong>quae</strong></span> <span class='ocrx_word' id='word_1_179' title='bbox 926 2599 1125 2686; x_wconf 87' lang='lat' dir='ltr'><strong>dependebat</strong></span> <span class='ocrx_word' id='word_1_180' title='bbox 1140 2604 1187 2666; x_wconf 79' lang='lat' dir='ltr'><strong>als</strong></span> <span class='ocrx_word' id='word_1_181' title='bbox 1203 2625 1222 2666; x_wconf 89' lang='lat' dir='ltr'><strong>a</strong></span> <span class='ocrx_word' id='word_1_182' title='bbox 1236 2624 1311 2688; x_wconf 87' lang='lat' dir='ltr'><strong>pec·</strong></span> 
     </span>
     <span class='ocr_line' id='line_1_23' title="bbox 134 2706 1310 2793; baseline 0.002 -22"><span class='ocrx_word' id='word_1_183' title='bbox 134 2715 217 2787; x_wconf 87' lang='lat' dir='ltr'><strong>tore,</strong></span> <span class='ocrx_word' id='word_1_184' title='bbox 247 2714 283 2770; x_wconf 90' lang='lat' dir='ltr'><strong>ut</strong></span> <span class='ocrx_word' id='word_1_185' title='bbox 305 2707 534 2793; x_wconf 86' lang='lat' dir='ltr'><strong>significaretur</strong></span> <span class='ocrx_word' id='word_1_186' title='bbox 563 2729 630 2771; x_wconf 88' lang='lat' dir='ltr'><strong>eam</strong></span> <span class='ocrx_word' id='word_1_187' title='bbox 659 2715 793 2771; x_wconf 89' lang='lat' dir='ltr'><strong>aetatem</strong></span> <span class='ocrx_word' id='word_1_188' title='bbox 822 2706 950 2772; x_wconf 84' lang='lat' dir='ltr'><strong>alterius</strong></span> <span class='ocrx_word' id='word_1_189' title='bbox 977 2707 1147 2792; x_wconf 89' lang='lat' dir='ltr'><strong>regendam</strong></span> <span class='ocrx_word' id='word_1_190' title='bbox 1169 2708 1310 2774; x_wconf 85' lang='lat' dir='ltr'><strong>consilio.</strong></span> 
     </span>
     <span class='ocr_line' id='line_1_24' title="bbox 135 2813 1310 2906; baseline 0.001 -28"><span class='ocrx_word' id='word_1_191' title='bbox 135 2813 221 2878; x_wconf 89' lang='lat' dir='ltr'><strong>dicta</strong></span> <span class='ocrx_word' id='word_1_192' title='bbox 243 2822 293 2878; x_wconf 90' lang='lat' dir='ltr'><strong>est</strong></span> <span class='ocrx_word' id='word_1_193' title='bbox 315 2823 419 2878; x_wconf 88' lang='lat' dir='ltr'><strong>autem</strong></span> <span class='ocrx_word' id='word_1_194' title='bbox 442 2814 528 2879; x_wconf 89' lang='lat' dir='ltr'><strong>bulla</strong></span> <span class='ocrx_word' id='word_1_195' title='bbox 550 2813 709 2879; x_wconf 85' lang='lat' dir='ltr'><strong>aGraeco</strong></span> <span class='ocrx_word' id='word_1_196' title='bbox 732 2836 877 2879; x_wconf 86' lang='lat' dir='ltr'><strong>sermone</strong></span> <span class='ocrx_word' id='word_1_197' title='bbox 899 2813 1010 2906; x_wconf 80' lang='grc' dir='ltr'><em>βουλή,</em></span> <span class='ocrx_word' id='word_1_198' title='bbox 1033 2814 1119 2900; x_wconf 91' lang='lat' dir='ltr'><strong>quod</strong></span> <span class='ocrx_word' id='word_1_199' title='bbox 1142 2815 1310 2880; x_wconf 90' lang='lat' dir='ltr'><strong>consilium</strong></span> 
     </span>
    </p>
   </div>
   <div class='ocr_carea' id='block_1_5' title="bbox 12 2915 1309 2988">
    <p class='ocr_par' dir='ltr' id='par_1_6' title="bbox 12 2915 1309 2988">
     <span class='ocr_line' id='line_1_25' title="bbox 12 2915 1309 2988; baseline 0.002 -4"><span class='ocrx_word' id='word_1_200' title='bbox 12 2955 13 2962; x_wconf 56' lang='lat'><strong>.</strong></span> <span class='ocrx_word' id='word_1_201' title='bbox 134 2920 250 2986; x_wconf 88' lang='lat' dir='ltr'><strong>dicitur</strong></span> <span class='ocrx_word' id='word_1_202' title='bbox 279 2915 412 2986; x_wconf 54' lang='lat' dir='ltr'><strong>latine?</strong></span> <span class='ocrx_word' id='word_1_203' title='bbox 464 2921 598 2985; x_wconf 86' lang='lat' dir='ltr'><strong>Temere</strong></span> <span class='ocrx_word' id='word_1_204' title='bbox 627 2921 800 2986; x_wconf 81' lang='lat' dir='ltr'><strong>Barthius²</strong></span> <span class='ocrx_word' id='word_1_205' title='bbox 829 2921 916 2986; x_wconf 91' lang='lat' dir='ltr'><strong>illum</strong></span> <span class='ocrx_word' id='word_1_206' title='bbox 947 2922 1052 2986; x_wconf 90' lang='lat' dir='ltr'><strong>locum</strong></span> <span class='ocrx_word' id='word_1_207' title='bbox 1082 2945 1151 2988; x_wconf 86' lang='lat' dir='ltr'><strong>earn</strong></span> <span class='ocrx_word' id='word_1_208' title='bbox 1178 2922 1220 2988; x_wconf 94' lang='lat' dir='ltr'><strong>ob</strong></span> <span class='ocrx_word' id='word_1_209' title='bbox 1242 2945 1309 2987; x_wconf 86' lang='lat' dir='ltr'><strong>rem</strong></span> 
     </span>
    </p>
   </div>
   <div class='ocr_carea' id='block_1_6' title="bbox 133 3027 1311 3862">
    <p class='ocr_par' dir='ltr' id='par_1_7' title="bbox 133 3027 1310 3648">
     <span class='ocr_line' id='line_1_26' title="bbox 135 3027 1309 3114; baseline 0.001 -22"><span class='ocrx_word' id='word_1_210' title='bbox 135 3027 337 3093; x_wconf 88' lang='lat' dir='ltr'><strong>Plutarchum</strong></span> <span class='ocrx_word' id='word_1_211' title='bbox 369 3051 386 3092; x_wconf 87' lang='lat' dir='ltr'><strong>a</strong></span> <span class='ocrx_word' id='word_1_212' title='bbox 418 3028 565 3096; x_wconf 88' lang='lat' dir='ltr'><strong>Varrone</strong></span> <span class='ocrx_word' id='word_1_213' title='bbox 596 3050 658 3092; x_wconf 93' lang='lat' dir='ltr'><strong>non</strong></span> <span class='ocrx_word' id='word_1_214' title='bbox 692 3028 846 3114; x_wconf 84' lang='lat' dir='ltr'><strong>petivisse</strong></span> <span class='ocrx_word' id='word_1_215' title='bbox 879 3028 1026 3114; x_wconf 89' lang='lat' dir='ltr'><strong>opinatus</strong></span> <span class='ocrx_word' id='word_1_216' title='bbox 1058 3037 1109 3094; x_wconf 86' lang='lat' dir='ltr'><strong>est</strong></span> <span class='ocrx_word' id='word_1_217' title='bbox 1138 3028 1224 3114; x_wconf 87' lang='lat' dir='ltr'><strong>quod</strong></span> <span class='ocrx_word' id='word_1_218' title='bbox 1256 3030 1309 3094; x_wconf 90' lang='lat' dir='ltr'><strong>ille</strong></span> 
     </span>
     <span class='ocr_line' id='line_1_27' title="bbox 136 3134 1310 3222; baseline -0.002 -19"><span class='ocrx_word' id='word_1_219' title='bbox 136 3135 291 3203; x_wconf 90' lang='lat' dir='ltr'><strong>Varronis</strong></span> <span class='ocrx_word' id='word_1_220' title='bbox 307 3136 494 3200; x_wconf 90' lang='lat' dir='ltr'><strong>sententiam</strong></span> <span class='ocrx_word' id='word_1_221' title='bbox 510 3156 573 3198; x_wconf 92' lang='lat' dir='ltr'><strong>non</strong></span> <span class='ocrx_word' id='word_1_222' title='bbox 589 3134 745 3221; x_wconf 87' lang='lat' dir='ltr'><strong>probaret.</strong></span> <span class='ocrx_word' id='word_1_223' title='bbox 783 3134 884 3213; x_wconf 78' lang='lat' dir='ltr'><strong>Quasi</strong></span> <span class='ocrx_word' id='word_1_224' title='bbox 902 3157 978 3200; x_wconf 91' lang='lat' dir='ltr'><strong>vero</strong></span> <span class='ocrx_word' id='word_1_225' title='bbox 997 3157 1077 3222; x_wconf 88' lang='lat' dir='ltr'><strong>quae</strong></span> <span class='ocrx_word' id='word_1_226' title='bbox 1093 3135 1310 3222; x_wconf 88' lang='lat' dir='ltr'><strong>redarguimus</strong></span> 
     </span>
     <span class='ocr_line' id='line_1_28' title="bbox 134 3241 1310 3328; baseline 0.003 -22"><span class='ocrx_word' id='word_1_227' title='bbox 134 3264 197 3306; x_wconf 90' lang='lat' dir='ltr'><strong>non</strong></span> <span class='ocrx_word' id='word_1_228' title='bbox 225 3265 265 3308; x_wconf 89' lang='lat' dir='ltr'><strong>ex</strong></span> <span class='ocrx_word' id='word_1_229' title='bbox 288 3252 464 3323; x_wconf 88' lang='lat' dir='ltr'><strong>auctorum,</strong></span> <span class='ocrx_word' id='word_1_230' title='bbox 496 3241 554 3307; x_wconf 87' lang='lat' dir='ltr'><strong>sed</strong></span> <span class='ocrx_word' id='word_1_231' title='bbox 576 3264 616 3306; x_wconf 87' lang='lat' dir='ltr'><strong>ex</strong></span> <span class='ocrx_word' id='word_1_232' title='bbox 639 3241 772 3307; x_wconf 85' lang='lat' dir='ltr'><strong>aliorum</strong></span> <span class='ocrx_word' id='word_1_233' title='bbox 803 3241 892 3308; x_wconf 90' lang='lat' dir='ltr'><strong>libris</strong></span> <span class='ocrx_word' id='word_1_234' title='bbox 925 3264 1114 3328; x_wconf 83' lang='lat' dir='ltr'><strong>cognoscere</strong></span> <span class='ocrx_word' id='word_1_235' title='bbox 1144 3245 1310 3310; x_wconf 89' lang='lat' dir='ltr'><strong>soleamus.</strong></span> 
     </span>
     <span class='ocr_line' id='line_1_29' title="bbox 134 3349 1310 3436; baseline 0.001 -22"><span class='ocrx_word' id='word_1_236' title='bbox 134 3349 231 3414; x_wconf 83' lang='lat' dir='ltr'><strong>Certe</strong></span> <span class='ocrx_word' id='word_1_237' title='bbox 253 3372 317 3414; x_wconf 93' lang='lat' dir='ltr'><strong>non</strong></span> <span class='ocrx_word' id='word_1_238' title='bbox 347 3359 397 3414; x_wconf 90' lang='lat' dir='ltr'><strong>est</strong></span> <span class='ocrx_word' id='word_1_239' title='bbox 425 3371 520 3414; x_wconf 85' lang='lat' dir='ltr'><strong>causa</strong></span> <span class='ocrx_word' id='word_1_240' title='bbox 549 3372 605 3414; x_wconf 90' lang='lat' dir='ltr'><strong>cur</strong></span> <span class='ocrx_word' id='word_1_241' title='bbox 627 3349 816 3415; x_wconf 89' lang='lat' dir='ltr'><strong>Plutarchus</strong></span> <span class='ocrx_word' id='word_1_242' title='bbox 846 3349 900 3414; x_wconf 89' lang='lat' dir='ltr'><strong>illa</strong></span> <span class='ocrx_word' id='word_1_243' title='bbox 927 3371 991 3414; x_wconf 89' lang='lat' dir='ltr'><strong>non</strong></span> <span class='ocrx_word' id='word_1_244' title='bbox 1017 3349 1103 3436; x_wconf 85' lang='lat' dir='ltr'><strong>apud</strong></span> <span class='ocrx_word' id='word_1_245' title='bbox 1130 3351 1310 3418; x_wconf 90' lang='lat' dir='ltr'><strong>Varronem</strong></span> 
     </span>
     <span class='ocr_line' id='line_1_30' title="bbox 133 3455 1310 3543; baseline 0.003 -24"><span class='ocrx_word' id='word_1_246' title='bbox 133 3455 254 3541; x_wconf 88' lang='lat' dir='ltr'><strong>legerit,</strong></span> <span class='ocrx_word' id='word_1_247' title='bbox 276 3477 369 3543; x_wconf 89' lang='lat' dir='ltr'><strong>quem</strong></span> <span class='ocrx_word' id='word_1_248' title='bbox 392 3456 503 3524; x_wconf 91' lang='lat' dir='ltr'><strong>Verrii</strong></span> <span class='ocrx_word' id='word_1_249' title='bbox 525 3456 633 3520; x_wconf 83' lang='lat' dir='ltr'><strong>Flacci</strong></span> <span class='ocrx_word' id='word_1_250' title='bbox 661 3455 806 3521; x_wconf 90' lang='lat' dir='ltr'><strong>doctrina</strong></span> <span class='ocrx_word' id='word_1_251' title='bbox 828 3478 919 3520; x_wconf 89' lang='lat' dir='ltr'><strong>usum</strong></span> <span class='ocrx_word' id='word_1_252' title='bbox 943 3479 1013 3521; x_wconf 89' lang='lat' dir='ltr'><strong>esse</strong></span> <span class='ocrx_word' id='word_1_253' title='bbox 1036 3455 1221 3522; x_wconf 88' lang='lat' dir='ltr'><strong>Macrobius</strong></span> <span class='ocrx_word' id='word_1_254' title='bbox 1245 3457 1310 3522; x_wconf 87' lang='lat' dir='ltr'><strong>Sat.</strong></span> 
     </span>
     <span class='ocr_line' id='line_1_31' title="bbox 134 3563 1310 3648; baseline 0.003 -22"><span class='ocrx_word' id='word_1_255' title='bbox 134 3563 224 3644; x_wconf 85' lang='lat'><strong>115,</strong></span> <span class='ocrx_word' id='word_1_256' title='bbox 244 3567 284 3629; x_wconf 83' lang='grc'>21</span> <span class='ocrx_word' id='word_1_257' title='bbox 309 3571 420 3628; x_wconf 90' lang='lat' dir='ltr'><strong>auctor</strong></span> <span class='ocrx_word' id='word_1_258' title='bbox 442 3570 500 3643; x_wconf 88' lang='lat' dir='ltr'><strong>est,</strong></span> <span class='ocrx_word' id='word_1_259' title='bbox 523 3583 564 3626; x_wconf 83' lang='lat' dir='ltr'><strong>ex</strong></span> <span class='ocrx_word' id='word_1_260' title='bbox 586 3585 649 3647; x_wconf 90' lang='lat' dir='ltr'><strong>qua</strong></span> <span class='ocrx_word' id='word_1_261' title='bbox 671 3584 710 3627; x_wconf 87' lang='lat' dir='ltr'><strong>ea</strong></span> <span class='ocrx_word' id='word_1_262' title='bbox 731 3571 939 3628; x_wconf 83' lang='lat' dir='ltr'><strong>manaverunt</strong></span> <span class='ocrx_word' id='word_1_263' title='bbox 961 3586 1041 3648; x_wconf 86' lang='lat' dir='ltr'><strong>quae</strong></span> <span class='ocrx_word' id='word_1_264' title='bbox 1064 3564 1183 3628; x_wconf 90' lang='lat' dir='ltr'><strong>Paulus</strong></span> <span class='ocrx_word' id='word_1_265' title='bbox 1206 3563 1310 3630; x_wconf 84' lang='lat' dir='ltr'><strong>habet.</strong></span> 
     </span>
    </p>

    <p class='ocr_par' dir='ltr' id='par_1_8' title="bbox 134 3669 1311 3862">
     <span class='ocr_line' id='line_1_32' title="bbox 241 3669 1310 3756; baseline 0.003 -23"><span class='ocrx_word' id='word_1_266' title='bbox 241 3670 408 3735; x_wconf 87' lang='lat' dir='ltr'><strong>Postremo</strong></span> <span class='ocrx_word' id='word_1_267' title='bbox 438 3671 470 3733; x_wconf 93' lang='lat' dir='ltr'><strong>in</strong></span> <span class='ocrx_word' id='word_1_268' title='bbox 503 3692 555 3754; x_wconf 94' lang='lat' dir='ltr'><strong>qu.</strong></span> <span class='ocrx_word' id='word_1_269' title='bbox 580 3671 643 3734; x_wconf 87' lang='lat'><strong>105</strong></span> <span class='ocrx_word' id='word_1_270' title='bbox 674 3669 842 3754; x_wconf 91' lang='lat' dir='ltr'><strong>inquiritur</strong></span> <span class='ocrx_word' id='word_1_271' title='bbox 872 3692 930 3734; x_wconf 89' lang='lat' dir='ltr'><strong>cur</strong></span> <span class='ocrx_word' id='word_1_272' title='bbox 960 3670 1048 3734; x_wconf 86' lang='lat' dir='ltr'><strong>feriis</strong></span> <span class='ocrx_word' id='word_1_273' title='bbox 1080 3669 1215 3756; x_wconf 90' lang='lat' dir='ltr'><strong>publicis</strong></span> <span class='ocrx_word' id='word_1_274' title='bbox 1246 3694 1310 3736; x_wconf 89' lang='lat' dir='ltr'><strong>non</strong></span> 
     </span>
     <span class='ocr_line' id='line_1_33' title="bbox 134 3775 1311 3862; baseline 0 -19"><span class='ocrx_word' id='word_1_275' title='bbox 134 3778 286 3862; x_wconf 86' lang='lat' dir='ltr'><strong>virgines,</strong></span> <span class='ocrx_word' id='word_1_276' title='bbox 309 3776 366 3842; x_wconf 87' lang='lat' dir='ltr'><strong>sed</strong></span> <span class='ocrx_word' id='word_1_277' title='bbox 390 3775 504 3842; x_wconf 90' lang='lat' dir='ltr'><strong>viduae</strong></span> <span class='ocrx_word' id='word_1_278' title='bbox 527 3775 646 3840; x_wconf 89' lang='lat' dir='ltr'><strong>nubere</strong></span> <span class='ocrx_word' id='word_1_279' title='bbox 670 3776 805 3857; x_wconf 80' lang='lat' dir='ltr'><strong>soleant3</strong></span> <span class='ocrx_word' id='word_1_280' title='bbox 828 3798 891 3862; x_wconf 89' lang='lat' dir='ltr'><strong>qua</strong></span> <span class='ocrx_word' id='word_1_281' title='bbox 913 3775 953 3841; x_wconf 90' lang='lat' dir='ltr'><strong>de</strong></span> <span class='ocrx_word' id='word_1_282' title='bbox 971 3799 1006 3840; x_wconf 86' lang='lat' dir='ltr'><strong>re</strong></span> <span class='ocrx_word' id='word_1_283' title='bbox 1021 3776 1210 3842; x_wconf 90' lang='lat' dir='ltr'><strong>Plutarchus</strong></span> <span class='ocrx_word' id='word_1_284' title='bbox 1233 3777 1311 3843; x_wconf 89' lang='lat' dir='ltr'><strong>haec</strong></span> 
     </span>
    </p>
   </div>
   <div class='ocr_carea' id='block_1_7' title="bbox 243 4023 904 4186">
    <p class='ocr_par' dir='ltr' id='par_1_9' title="bbox 243 4023 904 4186">
     <span class='ocr_line' id='line_1_34' title="bbox 244 4023 904 4096; baseline 0 -16"><span class='ocrx_word' id='word_1_285' title='bbox 244 4027 253 4056; x_wconf 88' lang='lat'><strong>¹</strong></span> <span class='ocrx_word' id='word_1_286' title='bbox 272 4024 427 4096; x_wconf 84' lang='lat' dir='ltr'><strong>Prolegom.</strong></span> <span class='ocrx_word' id='word_1_287' title='bbox 446 4024 482 4079; x_wconf 84' lang='lat' dir='ltr'><strong>ad</strong></span> <span class='ocrx_word' id='word_1_288' title='bbox 502 4023 595 4080; x_wconf 88' lang='lat' dir='ltr'><strong>Ovidii</strong></span> <span class='ocrx_word' id='word_1_289' title='bbox 614 4025 690 4078; x_wconf 88' lang='lat' dir='ltr'><strong>Fast.</strong></span> <span class='ocrx_word' id='word_1_290' title='bbox 710 4041 736 4094; x_wconf 91' lang='lat' dir='ltr'><strong>p.</strong></span> <span class='ocrx_word' id='word_1_291' title='bbox 756 4023 904 4081; x_wconf 80' lang='lat' dir='ltr'><strong>CLXVII.</strong></span> 
     </span>
     <span class='ocr_line' id='line_1_35' title="bbox 243 4113 451 4186; baseline -0.01 -17"><span class='ocrx_word' id='word_1_292' title='bbox 243 4116 304 4170; x_wconf 61' lang='lat'><strong>²11.</strong></span> <span class='ocrx_word' id='word_1_293' title='bbox 323 4113 341 4170; x_wconf 88' lang='lat' dir='ltr'><strong>l.</strong></span> <span class='ocrx_word' id='word_1_294' title='bbox 359 4133 388 4186; x_wconf 93' lang='lat' dir='ltr'><strong>p.</strong></span> <span class='ocrx_word' id='word_1_295' title='bbox 407 4115 451 4168; x_wconf 74' lang='lat'><strong>48.</strong></span> 
     </span>
    </p>
   </div>
   <div class='ocr_carea' id='block_1_8' title="bbox 0 0 1548 4732">
    <p class='ocr_par' dir='ltr' id='par_1_10' title="bbox 0 0 1548 4732">
     <span class='ocr_line' id='line_1_36' title="bbox 0 0 1548 4732; baseline 0 0"><span class='ocrx_word' id='word_1_296' title='bbox 0 0 1548 4732; x_wconf 95' lang='lat' dir='ltr'><strong> </strong></span> 
     </span>
    </p>
   </div>
  </div>
 </body>
</html>
