3086 4732
769 289 813 350 44

686 380 900 388 ..-

206 481 295 547 feret.
318 504 422 547 mores
444 481 573 568 quidem
596 482 705 568 populi
720 483 856 547 Romani
878 489 1030 567 quantum
1045 481 1238 546 mutaverint
1253 481 1305 546 vel
1327 481 1379 544 hic

207 589 275 654 dies
298 597 501 654 monumento
525 591 599 655 erit:
631 588 743 653 horum
765 596 871 675 patres
894 587 1017 674 Pyrrho
1040 589 1120 672 regi,
1143 587 1228 652 hosti
1251 595 1380 668 armatu,

207 697 381 762 exercitum
403 698 434 760 in
458 695 553 760 Italia
582 695 710 760 habenti
738 705 774 760 ut
796 718 814 760 a
838 718 960 761 veneno
991 701 1117 759 caveret
1139 693 1363 780 praedixerunt
1370 719 1379 774 ;

146 857 148 860 .
206 803 240 868 hi
270 803 408 889 legatum
441 803 636 867 consularem
668 803 722 888 qui
754 810 864 868 auctor
900 810 985 868 esset
1015 803 1147 866 Prusiae
1184 825 1241 888 per
1277 802 1379 866 scelus

207 909 373 976 occidendi
400 909 535 997 hospitis
562 903 733 974 miserunt'
784 909 988 974 Plutarchum
1016 908 1168 973 hocloco
1191 931 1262 973 cum
1285 910 1379 973 Livio

208 1039 336 1104 prorsus
366 1019 543 1081 consentire
573 1019 605 1080 in
635 1025 744 1103 aperto
768 1025 825 1082 est.
871 1015 995 1081 Eodem
1023 1017 1106 1080 enim
1129 1015 1224 1082 modo
1248 1038 1379 1080 exorsus

208 1123 320 1189 eodem
351 1123 460 1188 ordine
490 1124 628 1209 singulas
658 1126 857 1210 persequitur
884 1124 1056 1188 sententias
1083 1146 1185 1208 neque
1209 1122 1380 1208 quidquam

209 1253 248 1296 ex
279 1231 365 1296 Livii
400 1231 576 1296 narratione
610 1230 695 1316 quod
730 1231 880 1295 memoria
913 1231 1043 1316 dignum
1076 1233 1118 1294 sit
1149 1231 1380 1316 praetermittit.

208 1337 317 1404 Unum
340 1345 462 1403 tantum
485 1338 602 1414 locum,
630 1339 684 1423 qui
707 1345 756 1402 est
779 1337 818 1402 de
842 1339 971 1402 mutatis
994 1337 1208 1402 Romanorum
1231 1337 1380 1418 moribus,

209 1445 241 1508 in
257 1445 385 1510 brevius
402 1445 567 1524 contraxit,
591 1467 653 1529 quo
669 1444 763 1508 simul
778 1444 898 1522 factum
915 1452 964 1509 est
979 1452 1015 1508 ut
1030 1444 1270 1531 comparationis
1286 1467 1381 1529 quam

208 1551 321 1616 Livius
344 1550 465 1614 inducit
488 1551 619 1616 alterum
643 1558 764 1616 tantum
788 1550 916 1616 afferret
938 1551 1125 1633 membrum,
1153 1575 1225 1616 cum
1248 1551 1381 1616 altemm

209 1681 248 1723 ex
271 1681 306 1723 se
328 1658 571 1744 intellegeretur.
616 1657 713 1737 Quod
741 1659 869 1723 minime
896 1661 1008 1723 mirum
1037 1665 1094 1723 est.
1140 1658 1275 1724 Constat
1297 1660 1380 1723 enim

209 1768 355 1851 antiquos
378 1787 449 1829 cum
472 1774 632 1830 auctorum
656 1766 838 1830 testimonia
860 1765 993 1831 afferant
1014 1789 1078 1830 non
1101 1789 1138 1830 ea
1161 1768 1207 1829 uti
1230 1765 1381 1850 religione

208 1880 241 1938 et
263 1872 324 1936 fide
348 1881 383 1937 ut
406 1872 536 1939 verbum
560 1896 577 1938 e
601 1873 698 1938 verbo
727 1873 917 1959 exprimant,
947 1872 1004 1938 sed
1035 1872 1129 1936 modo
1152 1872 1224 1938 fuse
1247 1873 1381 1958 lateque,

208 1980 303 2046 modo
327 1979 513 2045 brevissime
537 2003 590 2044 eas
614 2002 738 2045 narrare
758 2003 808 2046 res
825 2003 902 2066 quas
918 1979 1050 2045 traditas
1067 1986 1263 2066 acceperunt,
1286 1989 1382 2066 prout

207 2110 258 2153 res
282 2110 375 2172 quam
398 2086 614 2153 demonstrare
637 2087 750 2152 volunt
772 2087 913 2173 postulet
922 2092 942 2151 1.
987 2087 1061 2151 Hoc
1084 2094 1189 2152 autem
1212 2087 1282 2152 loco
1305 2087 1381 2150 Plu-

209 2194 334 2258 tarchus
358 2195 435 2258 satis
458 2194 554 2259 habet
576 2201 698 2279 partem
717 2194 802 2259 Livii
826 2195 1011 2258 narrationis
1036 2194 1212 2259 breviorem
1233 2192 1366 2258 reddere
1372 2219 1381 2274 3

210 2300 329 2384 reliqua
351 2308 417 2364 tam
443 2308 588 2364 accurate
616 2299 765 2364 transfert
792 2308 826 2364 ut
854 2301 923 2386 ipsa
946 2301 1013 2365 eius
1037 2301 1133 2367 verba
1157 2309 1189 2365 et
1211 2301 1325 2385 legisse
1349 2308 1382 2364 et

209 2414 294 2471 recte
316 2406 510 2470 intellexisse
533 2405 687 2470 videatur.

318 2512 382 2577 Sed
412 2513 489 2577 hacc
518 2513 679 2578 hactenus.
726 2513 840 2578 Cetera
867 2514 1046 2578 testimonia
1075 2537 1115 2578 ex
1137 2514 1223 2579 Livii
1250 2513 1382 2578 historia

210 2643 290 2706 quae
314 2619 500 2686 Plutarchus
524 2621 556 2684 in
580 2621 655 2686 vitis
683 2621 839 2706 parallelis
868 2620 960 2686 affert
987 2621 1019 2684 in
1043 2621 1081 2685 iis
1105 2628 1194 2685 erant
1216 2620 1304 2685 libris
1328 2621 1381 2706 qui

210 2727 330 2792 invidia
359 2735 537 2814 temporum
566 2728 735 2814 perierunt.
788 2729 938 2793 Attamen
969 2728 1118 2793 nonnulla
1147 2750 1187 2791 ex
1214 2727 1263 2792 his
1290 2727 1380 2792 nobis

210 2844 418 2901 servaverunt
440 2835 630 2921 posteriores
654 2837 708 2920 qui
731 2857 788 2898 sua
811 2857 829 2898 a
852 2835 946 2900 Livio
969 2837 1101 2899 mutuati
1126 2842 1208 2898 sunt.
1245 2834 1296 2898 Ac
1319 2835 1380 2920 pri-

211 2966 297 3008 mum
320 2941 448 3028 quidem
471 2942 531 3005 hoc
554 2940 639 3005 cadit
660 2941 693 3005 in
717 2943 802 3006 vitae
826 2940 971 3006 Caesaris
995 2964 1020 3005 c.
1036 2945 1089 3021 47,
1117 2942 1171 3006 ubi
1194 2941 1380 3006 Plutarchus

210 3049 288 3114 haec
311 3057 430 3114 narrat:
460 3050 494 3116 ἐν
521 3050 557 3116 δὲ
584 3046 742 3137 Παταβίῳ
766 3045 867 3129 [οἱϊος
889 3046 1078 3139 Κορνήλιος,
1111 3045 1189 3138 ἀνὴρ
1213 3044 1383 3135 εὐδόκιμος

212 3156 274 3223 ἐπὶ
301 3159 454 3247 μαντικῇ,
486 3155 609 3242 Λιβίου
639 3157 697 3224 τοῦ
728 3155 935 3245 συγγραφέως
964 3155 1101 3247 πολίτης
1130 3155 1188 3223 καὶ
1217 3153 1381 3245 γνώριμος,

212 3259 378 3350 ἐτύγχανεν
394 3256 450 3328 ἐπ’
468 3261 595 3342 οἰωνοῖς
610 3261 799 3351 καθήμενος
814 3261 937 3352 ἐκείνην
953 3262 1008 3352 τὴν
1024 3259 1155 3352 ἡμέραν.
1179 3263 1236 3330 καὶ
1251 3265 1382 3352 πρῶτον

210 3369 279 3454 μέν,
304 3364 348 3448 ὡς
362 3367 484 3456 Λίβιός
506 3393 594 3461 φησι,
618 3366 671 3436 τὸν
694 3365 808 3456 καιρὸν
831 3367 911 3454 ἔγνω
928 3374 983 3459 τῆς
1004 3368 1109 3460 μολχης
1131 3370 1187 3437 καὶ
1210 3367 1295 3459 πρὸς
1310 3367 1384 3450 τούς

212 3475 377 3566 παρόντας
405 3471 499 3543 εἶπεν
528 3469 576 3544 ὅτι
605 3475 662 3542 καὶ
690 3474 729 3565 δὴ
753 3473 938 3564 περαίνεται
968 3475 1005 3544 τὸ
1029 3479 1136 3566 χρῆμα
1159 3477 1216 3544 καὶ
1239 3475 1383 3544 συνίασιν

211 3582 256 3664 εἷς
279 3581 368 3672 ἔργον
392 3580 423 3650 oi
447 3577 567 3671 ἄνδρες.
597 3574 694 3662 αὖθις
726 3582 762 3648 δὲ
792 3579 877 3671 πρὸς
905 3588 945 3674 τῇ
967 3583 1032 3673 θέᾳ
1060 3579 1228 3669 γενόμενος
1257 3583 1314 3650 καὶ
1344 3583 1383 3651 τὰ

212 3697 328 3782 σημεῖα
361 3689 499 3757 κατιδών
536 3682 676 3779 ἀνήλατο
707 3685 784 3775 μεθ’
820 3690 1060 3776 ἐνθουσιασμοῦ
1091 3695 1178 3777 βοοῖν
1206 3686 1324 3782 ενικᾷς,
1357 3682 1383 3758 ὦ

211 3793 359 3887 Καῖσαρ.)
386 3797 613 3886 ἐκπλαγέντων
636 3797 672 3864 δὲ
696 3802 759 3864 τῶν
782 3796 1032 3887 παρατυχόντων
1054 3795 1213 3884 περιελών
1235 3796 1289 3865 τὸν
1313 3797 1384 3866 στέ-

320 4047 330 4077 ²
349 4045 432 4113 Quod
451 4045 545 4100 multis
560 4045 691 4116 exemplis
706 4044 904 4100 demonstravit
917 4045 1078 4113 Tillmanns,
1097 4062 1153 4118 qua
1166 4046 1273 4102 ratione
1288 4045 1383 4102 Livius

212 4135 323 4210 Polybii
340 4135 461 4190 historiis
480 4151 547 4189 usus
565 4135 601 4188 sit
620 4152 646 4208 p.
663 4137 705 4189 17.
