3086 4732
813 325 854 391 20

245 519 385 605 intellegi
409 520 550 600 videtur,
582 521 638 585 sed
662 524 798 608 impetus
827 524 891 586 vim
920 525 985 588 suis
1010 523 1116 588 verbis
1145 533 1178 588 et
1207 525 1299 588 aliter
1325 533 1420 609 atque

245 627 364 692 Caesar
386 629 584 712 significavit.
629 628 736 706 Quare
760 653 831 693 cum
861 653 923 693 non
954 631 1059 694 omnia
1081 639 1154 716 apte
1181 633 1263 695 inter
1285 654 1320 695 se
1343 654 1420 694 con-

244 744 371 818 gruant,
398 735 543 819 quamvis
566 734 607 798 ad
630 758 695 798 rem
719 738 864 822 apposita
888 739 929 800 sit
954 737 1112 800 Plutarchi
1136 739 1287 818 narratio,
1313 748 1418 802 tamen

245 863 315 904 erun
346 841 445 926 ipsius
474 841 619 906 Caesaris
651 843 747 906 verba
776 842 891 928 legisse
921 867 979 928 pro
1006 854 1093 908 certo
1121 867 1183 908 non
1213 848 1313 909 ausim
1343 868 1420 909 con-

245 947 384 1012 tendere.

351 1055 482 1120 Praeter
513 1055 658 1120 Caesaris
694 1059 936 1122 commentarios
971 1059 1193 1122 Anticatonem
1228 1059 1417 1123 Plutarchus

244 1183 339 1246 saepe
354 1172 586 1227 commemorat.
621 1162 720 1228 Cuius
744 1187 815 1228 cum
838 1188 937 1250 pauca
960 1174 1082 1229 tantum
1102 1175 1222 1230 restent
1240 1165 1418 1251 fragmenta

243 1277 337 1354 atque
361 1268 495 1354 plurima
517 1270 557 1334 ab
580 1271 650 1355 ipso
667 1269 836 1335 Plutarcho
859 1271 985 1352 tradita,
1009 1282 1043 1336 nt
1066 1275 1134 1336 eius
1150 1274 1331 1337 testimonia
1346 1296 1416 1336 curn

244 1375 389 1440 Caesaris
414 1377 518 1440 verbis
543 1377 742 1441 conteramus
764 1379 830 1441 lieri
862 1401 923 1442 non
948 1381 1011 1442 iam
1034 1387 1148 1464 potest.
1193 1379 1288 1444 Illum
1311 1389 1417 1444 autem

243 1481 357 1546 librum
389 1482 576 1547 Plutarchus
611 1486 751 1548 nominat
785 1487 817 1547 in
853 1486 936 1549 vitae
970 1485 1115 1550 Caesaris
1150 1510 1175 1551 c.
1210 1491 1252 1551 54
1286 1489 1417 1572 eiusque

243 1599 460 1674 argumentum
491 1590 630 1654 breviter
664 1593 710 1655 sic
740 1590 906 1656 describit:
950 1591 1090 1681 ἔγραψεν
1120 1587 1176 1662 οὖν
1205 1591 1239 1677 (ὃ
1269 1599 1416 1683 Καῖσαρ)

243 1695 371 1777 πολλάς
387 1725 476 1778 τινας
492 1695 575 1764 κατὰ
591 1701 646 1766 τοῦ
662 1697 818 1778 Κάτωνος
839 1698 947 1780 αἰτίας
962 1699 1160 1788 οοναγαγιάν·
1183 1699 1221 1769 τὸ
1237 1703 1273 1768 δὲ
1289 1701 1417 1788 βιβλίον

242 1799 440 1871 Ἀντινάτων
469 1803 718 1894 ἐπιγέγραπται.
763 1805 886 1870 Iterum
916 1829 987 1871 eum
1017 1817 1240 1871 commemorat
1268 1809 1301 1871 in
1331 1811 1416 1872 vitae

245 1909 407 1976 Ciceronis
431 1933 457 1976 c.
482 1915 534 1993 39,
556 1912 624 1991 ubi,
651 1921 819 1998 postquam
843 1913 1011 1978 Caesarem
1034 1913 1074 1978 ad
1097 1914 1303 1978 Brundisium
1326 1915 1417 1980 Cice·

244 2039 351 2083 ronem
375 2042 489 2104 magno
511 2019 630 2085 honore
654 2043 782 2084 ornasse
806 2022 953 2098 narravit,
977 2023 1022 2085 sic
1038 2023 1156 2107 pergit:
1181 2023 1217 2088 ἐκ
1241 2023 1276 2089 δὲ
1303 2021 1416 2090 roiano

245 2126 379 2193 ιλιετέλει
403 2121 601 2214 (ὃΚαῖοαρ)Ι
625 2131 725 2210 τιμῶν
748 2129 801 2194 καὶ
828 2125 1132 2217 φιλοφρονούμενος,
1155 2124 1235 2196 ὥστε
1258 2132 1313 2197 καὶ
1338 2129 1415 2219 γρά-

246 2247 345 2318 ψαντι
369 2233 462 2320 λόγον
486 2231 645 2320 ἐγκώμιον
667 2233 820 2314 Κάτωνος
843 2230 1047 2324 ἀντιγράφων
1065 2227 1121 2302 τόν
1142 2263 1175 2303 τε
1199 2233 1293 2324 λόγον
1315 2231 1416 2306 αἰτοῦ

244 2341 298 2407 καὶ
325 2339 378 2406 τὸν
394 2339 467 2425 βίον
490 2336 533 2419 ὡς
555 2339 695 2423 μάλιστα
719 2343 763 2428 τῷ
778 2343 972 2428 Περικλέους
987 2334 1114 2409 ἐοικότα
1139 2345 1192 2410 καὶ
1212 2346 1417 2436 Θηραμένους

244 2447 399 2513 ἐπαινεῖν.
431 2441 448 2511 ὁ
477 2447 538 2530 μὲν
568 2438 622 2513 οὖν
651 2447 833 2534 Κικέρωνος
861 2445 954 2534 λόγος
980 2448 1106 2530 Κάτων,
1139 2447 1156 2516 ὃ
1186 2452 1220 2517 δὲ
1248 2452 1417 2541 Καίσαρος

241 2548 437 2619 Ἀντικάτων
461 2553 709 2642 ἐπιγέγραπται.
754 2553 846 2618 Haec
865 2554 961 2620 verba
978 2555 1145 2620 Caesarem
1168 2557 1201 2620 in
1225 2560 1414 2624 Anticatone

244 2658 428 2724 Ciceronem
452 2663 536 2724 omni
552 2659 644 2725 laude
660 2661 837 2726 cumulasse
853 2661 1032 2726 ostendunt.
1067 2661 1159 2727 ldem
1176 2663 1268 2728 docet
1283 2665 1414 2746 Plinius,

243 2767 297 2851 qui
319 2766 394 2832 Nat.
412 2767 484 2832 hist.
501 2767 573 2834 VII
599 2770 659 2832 117
686 2790 726 2831 ex
749 2769 939 2832 Anticatone
963 2769 1041 2833 haec
1064 2769 1156 2834 affert
1179 2771 1290 2835 verba:
1311 2768 1413 2836 ‘salve

243 2874 362 2958 primus
395 2875 534 2938 omnium
566 2896 679 2959 parens
711 2875 830 2958 patriae
863 2875 1018 2960 appellate
1052 2875 1199 2961 (Cicero),
1230 2877 1347 2962 primus
1379 2878 1412 2938 in

243 2988 318 3065 toga
347 2980 539 3066 triumphum
569 2979 738 3064 linguaque
768 2979 904 3044 lauream
934 2985 1045 3047 merite
1075 2993 1107 3049 et¹
1135 2983 1302 3049 facundiae
1325 2983 1414 3048 Lati-

243 3109 392 3172 arumque
424 3088 597 3151 litterarum
630 3108 743 3172 parens
775 3096 883 3173 atque,
921 3099 956 3153 ut
992 3090 1127 3154 dictator
1159 3093 1277 3156 Caesar
1313 3092 1414 3157 hostis

242 3193 399 3279 quondam
416 3203 489 3258 tuus
508 3192 548 3258 de
569 3202 600 3258 te
617 3197 753 3280 scripsit,
776 3198 914 3260 omnium
930 3197 1157 3280 triumphorum
1173 3195 1279 3258 laurea
1294 3193 1414 3262 maion'

242 3299 367 3377 Quibus
391 3301 496 3365 verbis
527 3322 596 3365 cum
621 3324 700 3386 quae
724 3301 911 3367 Plutarchus
941 3301 980 3363 de
1012 3299 1119 3362 eadem
1150 3319 1184 3360 re
1215 3297 1311 3362 tradit
1338 3323 1413 3365 con-

242 3408 411 3486 firmentur,
433 3407 582 3472 credibile
606 3417 656 3473 est
678 3431 749 3474 eum
773 3410 842 3473 illas
859 3405 1020 3472 Ciceronis
1035 3403 1145 3468 laudes
1169 3427 1209 3468 ex
1232 3404 1302 3492 ipso
1319 3407 1413 3471 Anti-

241 3521 353 3579 catone
374 3516 570 3600 cognovisse.
604 3515 732 3580 Etenim
749 3517 842 3580 Plinii
868 3535 956 3598 opuS,
979 3510 1064 3598 quod
1087 3535 1239 3599 nusquam
1265 3517 1413 3595 nominat,

241 3644 280 3686 ne
303 3623 430 3686 novisse
454 3621 580 3707 quidem
605 3623 739 3689 videtur.

348 3727 500 3793 Eiusdem
530 3729 601 3794 libri
632 3733 767 3796 occurrit
795 3730 913 3794 mentio
944 3730 975 3791 in
1007 3727 1090 3791 vitae
1121 3727 1252 3795 Catonis
1283 3728 1411 3792 minoris

241 3858 266 3900 c.
280 3837 331 3915 36,
354 3835 407 3899 uhi
425 3836 621 3918 Plutarchus,
644 3849 810 3925 postquam
829 3836 982 3899 Catonem
1003 3833 1089 3918 ipsos
1108 3836 1224 3900 amicos
1249 3839 1411 3919 suspectos

240 3943 407 4007 habentem
439 3966 510 4008 cum
540 3945 670 4009 aliorum
701 3953 768 4008 tum
791 3941 928 4004 Munatii
957 3941 1034 4004 iram
1062 3965 1160 4028 prope
1184 3939 1411 4026 implacabilem

243 4050 424 4115 accendisse
449 4053 595 4132 narravit,
619 4053 696 4116 haec
726 4048 862 4135 profert:
902 4045 982 4117 ὥστε
1011 4052 1065 4118 καὶ
1091 4048 1230 4135 Καιόαρι
1257 4045 1408 4137 γράφοντι

241 4158 334 4248 λόγον
364 4158 446 4226 κατὰ
478 4164 530 4226 roi
555 4158 711 4237 Κάτωνος
733 4154 934 4251 πικροτάτην
959 4163 1050 4225 τοῦτο
1077 4154 1110 4222 τι)
1133 4156 1231 4242 μέρος
1256 4158 1309 4247 τῆς
1333 4182 1411 4221 κατ·-
