3086 4732
716 301 759 365 45

142 522 244 586 φανον
267 491 338 565 ἀπὸ
361 501 418 587 τῆς
445 500 590 588 κεφαλῆς
619 494 788 582 ἐνωμότως
816 495 878 588 ἔφη
905 493 951 588 μὴ
979 497 1057 587 πρὶν
1087 495 1315 589 ἐπιθήσεσθαι

142 601 244 671 πάλιν
278 595 298 695 ἢ
332 609 371 694 τῇ
409 604 498 695 τέχνῃ
536 610 741 695 μαρτυρῆσαι
774 601 810 672 τὸ
845 603 943 693 ἔργον.
979 607 1081 673 ταῦτα
1118 607 1177 691 μὲν
1212 595 1266 674 σύν
1298 601 1316 674 ὁ

141 709 265 798 Λίβιος
309 705 394 779 οὕτω
437 711 592 800 γενέσθαι
634 713 917 798 καταβεβαιοῦται.
985 710 1037 775 Dc
1071 711 1130 776 hac
1166 714 1250 777 enim
1282 735 1316 777 re

142 817 332 902 Obsequens
361 818 391 880 in
421 817 637 903 prodigiorum
668 817 766 882 libelli
794 839 820 882 c.
838 821 900 882 125
929 816 1006 882 haec
1029 817 1134 883 affert:
1169 813 1218 884 Ὃ.
1238 819 1317 885 Cor-

140 923 243 988 nelius
266 947 365 1010 augur
387 923 513 989 Patavii
536 947 574 989 eo
596 924 658 1004 die,
684 946 755 988 cum
778 946 854 989 aves
878 923 1089 1006 admitterent,
1112 926 1318 1011 proclamavit

140 1052 206 1095 rem
230 1031 297 1116 geri
320 1039 354 1095 et
376 1031 503 1097 vincere
520 1024 707 1095 Caesarem?
750 1031 842 1108 Quae
858 1030 1074 1116 Obsequentis
1090 1032 1187 1097 verba
1209 1056 1317 1118 quam-

141 1138 190 1203 vis
214 1159 314 1224 pauca
337 1139 415 1218 sint,
441 1146 547 1202 tamen
571 1137 775 1202 Plutarchum
798 1159 951 1202 summam
981 1138 1027 1202 rei
1050 1147 1134 1203 recte
1158 1141 1317 1226 accepisse

140 1245 218 1309 satis
242 1243 422 1309 ostendunt

247 1351 340 1417 Idem
373 1351 563 1438 Obsequens
595 1351 728 1416 alterum
765 1350 943 1438 prodigium
976 1353 1145 1417 memoriae
1173 1354 1318 1484 prodidit

140 1458 325 1544 quodt
250 1459 325 1522 Plut
326 1459 470 1523 archus
461 1483 493 1522 rn
518 1458 659 1524 eiusdem
683 1459 817 1526 vitaec.
842 1462 884 1524 63
903 1453 1099 1588 profert:
1079 1488 1117 1552 ην
1140 1459 1200 1584 γρέρ
1223 1489 1255 1528 τι
1277 1467 1318 1554 τῇ

139 1565 308 1655 Καίσαρος
331 1565 420 1656 οἰκίᾳ
442 1566 678 1657 προσκείμενον
702 1559 771 1634 οἷον
796 1567 855 1633 ἐπὶ
871 1565 983 1656 κόσμῳ
1002 1568 1059 1634 καὶ
1075 1561 1243 1662 σεμνότητι
1261 1573 1318 1660 τῆς

139 1675 259 1764 βουλῆς
283 1673 512 1767 ψηφισαμένης
534 1669 742 1764 ἀκρωτήριον,
767 1670 811 1754 ὡς
826 1672 981 1760 Λιβιος
972 1682 1100 1762 ιστορεῖ,
1123 1681 1216 1744 τοῦτο
1240 1671 1317 1766 ύναρ

139 1808 160 1871 η
193 1779 407 1870 Καλπουρνία
438 1781 627 1870 θεασαμένη
662 1777 959 1871 καταρρηγνύμενον
992 1779 1082 1864 ἔδοξε
1113 1786 1317 1851 ποτνιᾶσθαι

140 1888 198 1954 καὶ
221 1886 381 1977 δακρύειν.
435 1887 510 1964 Quo
540 1886 580 1950 de
611 1886 800 1972 Calpurniae
831 1888 953 1950 somnio
983 1886 1173 1972 Obsequens
1201 1911 1228 1954 c.
1253 1893 1315 1954 127

140 1993 219 2058 haec
241 1993 379 2080 profert:
403 1988 495 2058 ‘uxor
517 1995 688 2058 somniavit
710 1993 874 2078 fastigium
892 1993 1014 2074 domus,
1037 1994 1122 2079 quod
1145 1995 1228 2059 sicut
1250 2005 1318 2060 erat

140 2099 308 2182 adiectum,
331 2094 451 2166 ruisse.²
505 2101 594 2165 Inter
623 2101 701 2165 haec
732 2101 829 2167 verba
848 2093 954 2165 ‘sicut’
979 2109 1161 2188 corruptum
1190 2101 1318 2168 videtur

134 2205 225 2288 esse,
256 2230 327 2272 cum
357 2210 389 2271 in
419 2231 457 2272 eo
489 2208 657 2274 verborum
687 2207 797 2272 ordine
824 2230 888 2272 non
918 2208 1127 2294 intellegatur.
1176 2210 1250 2287 Qua
1278 2210 1317 2275 de

142 2337 236 2379 causa
251 2314 497 2397 Freinshemius,
520 2317 570 2380 cui
587 2315 731 2380 Scheffer
746 2316 924 2396 assentitur,
947 2315 1026 2380 illud
1041 2315 1172 2382 verbum
1196 2317 1316 2383 eScto.

143 2423 162 2486 i.
185 2445 211 2487 e.
235 2431 363 2487 senatus
387 2424 532 2487 consulto
556 2422 764 2509 depravatum
787 2445 857 2487 esse
881 2425 959 2488 scite
982 2424 1126 2488 coniecit.
1171 2425 1245 2502 Qua
1267 2449 1317 2490 re-

143 2537 235 2616 cepta
257 2530 435 2594 coniectura
463 2538 587 2614 praeter
613 2539 717 2594 cetera
745 2532 839 2594 etiam
868 2532 1095 2624 ψηφισαμένης
1122 2535 1177 2621 τῆς
1198 2536 1318 2624 βουλῆς

142 2636 226 2722 apud
249 2636 486 2722 Obsequentem
510 2635 606 2700 habet
632 2634 718 2721 quod
747 2636 808 2700 sibi
830 2644 903 2721 apte
927 2636 1131 2722 respondeat,
1154 2648 1186 2702 et
1209 2648 1316 2704 tantus

142 2743 202 2807 iarn
227 2744 351 2808 exsistit
374 2765 545 2807 consensus
569 2751 606 2807 ut
628 2743 713 2807 Livii
737 2743 924 2807 sententiam
948 2743 1043 2807 etiam
1066 2744 1126 2806 hoc
1148 2744 1218 2808 loco
1240 2745 1317 2809 Plu-

142 2851 284 2914 tarchum
307 2858 391 2914 recte
415 2852 655 2936 interpretatum
679 2872 749 2914 esse
772 2858 931 2936 appareat.

249 2956 314 3022 Sed
336 2957 415 3022 haec
438 2958 600 3022 hactenus.
639 2957 721 3022 Cum
738 2957 855 3022 Orosio
879 2958 954 3022 licet
972 2980 1152 3044 comparare
1175 2960 1316 3023 testimo-

143 3065 227 3129 nium
255 3063 341 3150 quod
363 3063 550 3128 Plutarchus
581 3063 675 3128 affert
698 3063 737 3128 de
761 3087 866 3150 pugna
889 3063 929 3128 ad
952 3064 1209 3148 Tigranocertam
1231 3088 1317 3130 com-

141 3172 237 3236 missa
260 3173 293 3235 in
317 3172 401 3237 vitae
424 3171 549 3236 Luculli
573 3194 599 3235 c.
621 3175 679 3235 28:
713 3169 854 3250 Λίουϊος
880 3164 913 3238 ‹i'
938 3170 1062 3262 εἴρηκεν
1090 3166 1134 3253 ὡς
1161 3167 1317 3242 οὐδέποτε

138 3276 290 3366 Ῥωμαῖοι
319 3279 490 3364 πολεμίοις
520 3273 717 3360 ἀποδέοντες
748 3276 891 3366 τοσαύτην
923 3275 1050 3370 πλήθει
1084 3278 1316 3370 παρετάξαντο·

141 3387 255 3471 σχεδὸν
278 3384 338 3475 γὰρ
359 3383 428 3454 οὐδ’
451 3384 604 3471 εἰκοστόν,
628 3382 699 3454 ἀλλ’
718 3385 850 3453 ξ”λαττον
872 3387 1017 3474 ἐγένοντο
1040 3387 1136 3475 μέρος
1156 3387 1184 3454 oi
1207 3394 1317 3456 νικῶν-

141 3520 192 3575 τες
214 3499 276 3561 τιύν
299 3488 493 3586 ἡσσημένων.
533 3494 607 3570 Qua
629 3494 661 3556 in
683 3516 717 3557 re
736 3493 905 3557 Plutarcho
928 3493 1023 3558 fidem
1046 3493 1221 3559 habendam
1246 3517 1316 3559 esse

142 3622 181 3664 ex
204 3600 322 3665 Orosio
345 3601 558 3685 cognoscitur,
582 3600 635 3685 qui
659 3599 770 3664 eadem
794 3599 833 3664 de
857 3624 963 3686 pugna
986 3623 1147 3686 exponens
1171 3601 1225 3667 VI
1250 3604 1315 3681 3,6

141 3707 218 3772 haec
241 3707 366 3772 scribit:
393 3704 558 3770 ‘Lucullus
586 3717 801 3790 transgressus
825 3707 1008 3793 Euphraten
1034 3716 1066 3771 et
1088 3707 1209 3791 Tigrim
1232 3708 1317 3794 apud

140 3814 397 3900 Tigranocertam
430 3813 540 3878 urbem
572 3836 642 3876 cum
675 3811 862 3878 Mithridate
896 3822 928 3877 et
959 3814 1095 3898 Tigrane
1129 3836 1316 3899 congressus

140 3922 328 4007 parvissima
358 3943 486 3985 suorum
516 3943 610 3985 manu
640 3943 788 4005 magnum
818 3919 956 3983 hostium
985 3943 1149 3985 numerum
1180 3918 1316 3988 occidit.>

141 4029 207 4106 Qui
237 4028 351 4092 virium
382 4027 591 4092 differentiam
621 4029 653 4090 in
684 4027 867 4093 universum
891 4025 1018 4091 videtur
1046 4028 1200 4109 indicare,
1223 4052 1316 4114 quam

140 4135 253 4202 Livius
276 4135 456 4221 particulari
480 4155 610 4198 numero
634 4134 866 4219 significaverit
