<?xml version="1.0" encoding="UTF-8"?>
<!DOCTYPE html PUBLIC "-//W3C//DTD XHTML 1.0 Transitional//EN"
    "http://www.w3.org/TR/xhtml1/DTD/xhtml1-transitional.dtd">
<html xmlns="http://www.w3.org/1999/xhtml" xml:lang="en" lang="en">
 <head>
  <title>
</title>
<meta http-equiv="Content-Type" content="text/html;charset=utf-8" />
  <meta name='ocr-system' content='tesseract 3.04.00' />
  <meta name='ocr-capabilities' content='ocr_page ocr_carea ocr_par ocr_line ocrx_word'/>
</head>
<body>
  <div class='ocr_page' id='page_1' title='image "./descriptorumlat00vorngoog_0061.png"; bbox 0 0 3086 4732; ppageno 0'>
   <div class='ocr_carea' id='block_1_1' title="bbox 774 250 815 312">
    <p class='ocr_par' dir='ltr' id='par_1_1' title="bbox 774 250 815 312">
     <span class='ocr_line' id='line_1_1' title="bbox 774 250 815 312; baseline -0.024 0"><span class='ocrx_word' id='word_1_1' title='bbox 774 250 815 312; x_wconf 88' lang='grc'><strong>56</strong></span> 
     </span>
    </p>
   </div>
   <div class='ocr_carea' id='block_1_2' title="bbox 688 341 900 348">
    <p class='ocr_par' dir='ltr' id='par_1_2' title="bbox 688 341 900 348">
     <span class='ocr_line' id='line_1_2' title="bbox 688 341 900 348; baseline 0.005 -1"><span class='ocrx_word' id='word_1_2' title='bbox 688 341 900 348; x_wconf 74' lang='lat'><strong>——-——----</strong></span> 
     </span>
    </p>
   </div>
   <div class='ocr_carea' id='block_1_3' title="bbox 145 442 1397 3954">
    <p class='ocr_par' dir='ltr' id='par_1_3' title="bbox 208 442 1397 959">
     <span class='ocr_line' id='line_1_3' title="bbox 208 442 1385 530; baseline 0.003 -24"><span class='ocrx_word' id='word_1_3' title='bbox 208 450 280 506; x_wconf 91' lang='lat' dir='ltr'><strong>ante</strong></span> <span class='ocrx_word' id='word_1_4' title='bbox 313 452 445 508; x_wconf 88' lang='lat' dir='ltr'><strong>mortem</strong></span> <span class='ocrx_word' id='word_1_5' title='bbox 477 443 587 508; x_wconf 90' lang='lat' dir='ltr'><strong>morbo</strong></span> <span class='ocrx_word' id='word_1_6' title='bbox 619 442 755 528; x_wconf 91' lang='lat' dir='ltr'><strong>quodam</strong></span> <span class='ocrx_word' id='word_1_7' title='bbox 788 443 940 530; x_wconf 88' lang='lat' dir='ltr'><strong>paulatim</strong></span> <span class='ocrx_word' id='word_1_8' title='bbox 971 444 1089 508; x_wconf 88' lang='lat' dir='ltr'><strong>feratur</strong></span> <span class='ocrx_word' id='word_1_9' title='bbox 1125 443 1289 525; x_wconf 85' lang='lat' dir='ltr'><strong>delirasse,</strong></span> <span class='ocrx_word' id='word_1_10' title='bbox 1321 445 1385 509; x_wconf 90' lang='lat' dir='ltr'><strong>hoc</strong></span> 
     </span>
     <span class='ocr_line' id='line_1_4' title="bbox 209 547 1383 643; baseline 0.007 -31"><span class='ocrx_word' id='word_1_11' title='bbox 209 551 341 635; x_wconf 92' lang='lat' dir='ltr'><strong>opponit</strong></span> <span class='ocrx_word' id='word_1_12' title='bbox 370 551 505 636; x_wconf 83' lang='lat' dir='ltr'><strong>Nepotis</strong></span> <span class='ocrx_word' id='word_1_13' title='bbox 535 552 765 615; x_wconf 89' lang='lat' dir='ltr'><strong>testimonium:</strong></span> <span class='ocrx_word' id='word_1_14' title='bbox 813 551 939 632; x_wconf 81' lang='grc' dir='ltr'><strong>Νέττως</strong></span> <span class='ocrx_word' id='word_1_15' title='bbox 968 552 1004 619; x_wconf 79' lang='grc' dir='ltr'><strong>δὲ</strong></span> <span class='ocrx_word' id='word_1_16' title='bbox 1026 550 1205 643; x_wconf 82' lang='grc' dir='ltr'><em>Κορνήλιος</em></span> <span class='ocrx_word' id='word_1_17' title='bbox 1232 547 1288 636; x_wconf 75' lang='grc' dir='ltr'><strong>οὐχ</strong></span> <span class='ocrx_word' id='word_1_18' title='bbox 1312 547 1383 621; x_wconf 74' lang='grc' dir='ltr'><strong>ὑπὸ</strong></span> 
     </span>
     <span class='ocr_line' id='line_1_5' title="bbox 208 651 1384 750; baseline 0.003 -27"><span class='ocrx_word' id='word_1_19' title='bbox 208 656 312 746; x_wconf 85' lang='grc' dir='ltr'><strong>γήρως</strong></span> <span class='ocrx_word' id='word_1_20' title='bbox 345 658 442 750; x_wconf 83' lang='grc' dir='ltr'><em>φησὶν</em></span> <span class='ocrx_word' id='word_1_21' title='bbox 476 653 551 726; x_wconf 75' lang='grc' dir='ltr'><strong>οὐδὲ</strong></span> <span class='ocrx_word' id='word_1_22' title='bbox 587 655 681 726; x_wconf 82' lang='grc' dir='ltr'>νόσου</span> <span class='ocrx_word' id='word_1_23' title='bbox 715 655 923 748; x_wconf 78' lang='grc' dir='ltr'><em>παραλλάξαι</em></span> <span class='ocrx_word' id='word_1_24' title='bbox 955 654 1009 726; x_wconf 83' lang='grc' dir='ltr'><strong>τὸν</strong></span> <span class='ocrx_word' id='word_1_25' title='bbox 1039 655 1264 742; x_wconf 82' lang='grc' dir='ltr'><em>Λούκουλλον,</em></span> <span class='ocrx_word' id='word_1_26' title='bbox 1298 651 1384 726; x_wconf 84' lang='grc' dir='ltr'><em>άλλὰ</em></span> 
     </span>
     <span class='ocr_line' id='line_1_6' title="bbox 209 759 1382 856; baseline 0.001 -25"><span class='ocrx_word' id='word_1_27' title='bbox 209 760 395 854; x_wconf 80' lang='grc' dir='ltr'><em>φαρμάκοις</em></span> <span class='ocrx_word' id='word_1_28' title='bbox 417 759 486 833; x_wconf 73' lang='grc' dir='ltr'><strong>ὑπό</strong></span> <span class='ocrx_word' id='word_1_29' title='bbox 508 791 594 845; x_wconf 94' lang='grc' dir='ltr'><em>τινος</em></span> <span class='ocrx_word' id='word_1_30' title='bbox 616 767 681 832; x_wconf 84' lang='grc' dir='ltr'><strong>τῶν</strong></span> <span class='ocrx_word' id='word_1_31' title='bbox 704 760 940 854; x_wconf 75' lang='grc' dir='ltr'><em>ἀπελευθέρων</em></span> <span class='ocrx_word' id='word_1_32' title='bbox 962 765 1208 846; x_wconf 74' lang='grc' dir='ltr'><em>Καλλισθένους</em></span> <span class='ocrx_word' id='word_1_33' title='bbox 1231 768 1382 856; x_wconf 72' lang='grc' dir='ltr'><em>διαφθα-</em></span> 
     </span>
     <span class='ocr_line' id='line_1_7' title="bbox 209 870 1397 959; baseline -0.005 -21"><span class='ocrx_word' id='word_1_34' title='bbox 209 870 304 959; x_wconf 83' lang='grc' dir='ltr'><em>ρέντα</em></span> <span class='ocrx_word' id='word_1_35' title='bbox 327 897 355 938; x_wconf 82' lang='grc' dir='ltr'><strong>κ.</strong></span> <span class='ocrx_word' id='word_1_36' title='bbox 368 899 394 938; x_wconf 92' lang='grc' dir='ltr'><strong>τ.</strong></span> <span class='ocrx_word' id='word_1_37' title='bbox 407 874 436 938; x_wconf 90' lang='grc' dir='ltr'><strong>λ.</strong></span> <span class='ocrx_word' id='word_1_38' title='bbox 1395 925 1397 932; x_wconf 95' lang='grc'>.</span> 
     </span>
    </p>

    <p class='ocr_par' dir='ltr' id='par_1_4' title="bbox 209 976 1387 1813">
     <span class='ocr_line' id='line_1_8' title="bbox 317 976 1385 1044; baseline 0.003 -3"><span class='ocrx_word' id='word_1_39' title='bbox 317 976 468 1042; x_wconf 78' lang='lat' dir='ltr'><strong>Similiter</strong></span> <span class='ocrx_word' id='word_1_40' title='bbox 489 978 521 1041; x_wconf 90' lang='lat' dir='ltr'><strong>in</strong></span> <span class='ocrx_word' id='word_1_41' title='bbox 546 977 631 1043; x_wconf 89' lang='lat' dir='ltr'><strong>vitae</strong></span> <span class='ocrx_word' id='word_1_42' title='bbox 646 977 717 1042; x_wconf 89' lang='lat' dir='ltr'><strong>Tib.</strong></span> <span class='ocrx_word' id='word_1_43' title='bbox 734 977 870 1044; x_wconf 87' lang='lat' dir='ltr'><strong>Gracchi</strong></span> <span class='ocrx_word' id='word_1_44' title='bbox 886 1001 911 1043; x_wconf 91' lang='grc' dir='ltr'><strong>ο.</strong></span> <span class='ocrx_word' id='word_1_45' title='bbox 925 981 965 1044; x_wconf 88' lang='grc'><strong>21</strong></span> <span class='ocrx_word' id='word_1_46' title='bbox 989 978 1056 1043; x_wconf 87' lang='lat' dir='ltr'><strong>eius</strong></span> <span class='ocrx_word' id='word_1_47' title='bbox 1072 979 1291 1044; x_wconf 89' lang='lat' dir='ltr'><strong>auctoritatem</strong></span> <span class='ocrx_word' id='word_1_48' title='bbox 1306 979 1385 1044; x_wconf 89' lang='lat' dir='ltr'><strong>alio-</strong></span> 
     </span>
     <span class='ocr_line' id='line_1_9' title="bbox 209 1085 1383 1172; baseline 0.003 -24"><span class='ocrx_word' id='word_1_49' title='bbox 209 1108 278 1148; x_wconf 91' lang='lat' dir='ltr'><strong>rum</strong></span> <span class='ocrx_word' id='word_1_50' title='bbox 294 1085 480 1171; x_wconf 90' lang='lat' dir='ltr'><strong>scriptorum</strong></span> <span class='ocrx_word' id='word_1_51' title='bbox 496 1086 664 1150; x_wconf 85' lang='lat' dir='ltr'><strong>memoriae</strong></span> <span class='ocrx_word' id='word_1_52' title='bbox 680 1085 829 1171; x_wconf 86' lang='lat' dir='ltr'><strong>praefert.</strong></span> <span class='ocrx_word' id='word_1_53' title='bbox 864 1085 1037 1172; x_wconf 89' lang='lat' dir='ltr'><strong>Postquam</strong></span> <span class='ocrx_word' id='word_1_54' title='bbox 1054 1087 1137 1150; x_wconf 92' lang='lat' dir='ltr'><strong>euim</strong></span> <span class='ocrx_word' id='word_1_55' title='bbox 1153 1085 1190 1151; x_wconf 89' lang='lat' dir='ltr'><strong>C.</strong></span> <span class='ocrx_word' id='word_1_56' title='bbox 1203 1085 1383 1151; x_wconf 83' lang='lat' dir='ltr'><strong>Gracchum</strong></span> 
     </span>
     <span class='ocr_line' id='line_1_10' title="bbox 209 1190 1384 1280; baseline 0 -24"><span class='ocrx_word' id='word_1_57' title='bbox 209 1193 364 1256; x_wconf 82' lang='lat' dir='ltr'><strong>Liciniam</strong></span> <span class='ocrx_word' id='word_1_58' title='bbox 380 1190 488 1258; x_wconf 80' lang='lat' dir='ltr'><strong>Crassi</strong></span> <span class='ocrx_word' id='word_1_59' title='bbox 511 1192 606 1256; x_wconf 84' lang='lat' dir='ltr'><strong>liliam</strong></span> <span class='ocrx_word' id='word_1_60' title='bbox 629 1193 662 1256; x_wconf 95' lang='lat' dir='ltr'><strong>in</strong></span> <span class='ocrx_word' id='word_1_61' title='bbox 678 1195 877 1257; x_wconf 92' lang='lat' dir='ltr'><strong>matrimonio</strong></span> <span class='ocrx_word' id='word_1_62' title='bbox 900 1192 1049 1258; x_wconf 84' lang='lat' dir='ltr'><strong>habuisse</strong></span> <span class='ocrx_word' id='word_1_63' title='bbox 1072 1194 1220 1273; x_wconf 85' lang='lat' dir='ltr'><strong>narravit,</strong></span> <span class='ocrx_word' id='word_1_64' title='bbox 1243 1195 1288 1258; x_wconf 91' lang='lat' dir='ltr'><strong>sic</strong></span> <span class='ocrx_word' id='word_1_65' title='bbox 1311 1215 1384 1280; x_wconf 88' lang='lat' dir='ltr'><strong>per-</strong></span> 
     </span>
     <span class='ocr_line' id='line_1_11' title="bbox 209 1294 1385 1392; baseline 0.004 -29"><span class='ocrx_word' id='word_1_66' title='bbox 209 1302 270 1384; x_wconf 83' lang='lat' dir='ltr'><strong>git:</strong></span> <span class='ocrx_word' id='word_1_67' title='bbox 309 1299 366 1368; x_wconf 76' lang='lat' dir='ltr'><strong>aui</strong></span> <span class='ocrx_word' id='word_1_68' title='bbox 393 1327 442 1367; x_wconf 91' lang='grc' dir='ltr'><strong>τοι</strong></span> <span class='ocrx_word' id='word_1_69' title='bbox 468 1300 589 1380; x_wconf 79' lang='grc' dir='ltr'><em>Νέπως</em></span> <span class='ocrx_word' id='word_1_70' title='bbox 613 1294 630 1367; x_wconf 82' lang='grc' dir='ltr'><em>ὃ</em></span> <span class='ocrx_word' id='word_1_71' title='bbox 653 1296 832 1389; x_wconf 82' lang='grc' dir='ltr'><em>Κορνήλιός</em></span> <span class='ocrx_word' id='word_1_72' title='bbox 862 1324 958 1392; x_wconf 82' lang='grc' dir='ltr'><em>φησιν</em></span> <span class='ocrx_word' id='word_1_73' title='bbox 981 1295 1018 1369; x_wconf 81' lang='grc' dir='ltr'><strong>οὗ</strong></span> <span class='ocrx_word' id='word_1_74' title='bbox 1048 1297 1208 1390; x_wconf 80' lang='grc' dir='ltr'><em>Κράσσου,</em></span> <span class='ocrx_word' id='word_1_75' title='bbox 1239 1297 1385 1390; x_wconf 80' lang='grc' dir='ltr'><strong><em>Βρούτου</em></strong></span> 
     </span>
     <span class='ocr_line' id='line_1_12' title="bbox 211 1399 1384 1498; baseline 0.002 -25"><span class='ocrx_word' id='word_1_76' title='bbox 211 1408 246 1474; x_wconf 77' lang='grc' dir='ltr'><strong>δὲ</strong></span> <span class='ocrx_word' id='word_1_77' title='bbox 269 1409 327 1474; x_wconf 76' lang='grc' dir='ltr'><strong>τοῦ</strong></span> <span class='ocrx_word' id='word_1_78' title='bbox 349 1403 628 1496; x_wconf 68' lang='grc' dir='ltr'><em>θριαμβεύσαντος</em></span> <span class='ocrx_word' id='word_1_79' title='bbox 655 1399 726 1474; x_wconf 78' lang='grc' dir='ltr'><strong>άττὸ</strong></span> <span class='ocrx_word' id='word_1_80' title='bbox 749 1411 941 1474; x_wconf 76' lang='grc' dir='ltr'><em>Λυσιτανῶν</em></span> <span class='ocrx_word' id='word_1_81' title='bbox 964 1407 1129 1496; x_wconf 71' lang='grc' dir='ltr'><em>θυγατέρα</em></span> <span class='ocrx_word' id='word_1_82' title='bbox 1153 1410 1255 1498; x_wconf 78' lang='grc' dir='ltr'><em>γῆμαι</em></span> <span class='ocrx_word' id='word_1_83' title='bbox 1272 1405 1384 1475; x_wconf 86' lang='grc' dir='ltr'><em>Γάϊον·</em></span> 
     </span>
     <span class='ocr_line' id='line_1_13' title="bbox 211 1509 1387 1604; baseline -0.003 -24"><span class='ocrx_word' id='word_1_84' title='bbox 211 1509 293 1580; x_wconf 82' lang='grc' dir='ltr'><em>άλλά</em></span> <span class='ocrx_word' id='word_1_85' title='bbox 323 1511 352 1580; x_wconf 86' lang='lat' dir='ltr'><strong>oi</strong></span> <span class='ocrx_word' id='word_1_86' title='bbox 384 1511 518 1594; x_wconf 76' lang='grc' dir='ltr'><em>πλείους</em></span> <span class='ocrx_word' id='word_1_87' title='bbox 547 1511 592 1594; x_wconf 82' lang='grc' dir='ltr'><strong>ὡς</strong></span> <span class='ocrx_word' id='word_1_88' title='bbox 621 1509 712 1604; x_wconf 75' lang='grc' dir='ltr'><em>ἡμεῖς</em></span> <span class='ocrx_word' id='word_1_89' title='bbox 740 1510 902 1604; x_wconf 77' lang='grc' dir='ltr'><em>γράφομεν</em></span> <span class='ocrx_word' id='word_1_90' title='bbox 933 1511 1119 1603; x_wconf 69' lang='grc' dir='ltr'><em>ἱστοροῦσιν.</em></span> <span class='ocrx_word' id='word_1_91' title='bbox 1173 1513 1305 1578; x_wconf 88' lang='lat' dir='ltr'><strong>Nullum</strong></span> <span class='ocrx_word' id='word_1_92' title='bbox 1335 1522 1387 1578; x_wconf 87' lang='lat' dir='ltr'><strong>est</strong></span> 
     </span>
     <span class='ocr_line' id='line_1_14' title="bbox 211 1618 1386 1708; baseline 0.002 -24"><span class='ocrx_word' id='word_1_93' title='bbox 211 1621 380 1705; x_wconf 87' lang='lat' dir='ltr'><strong>vestigium</strong></span> <span class='ocrx_word' id='word_1_94' title='bbox 403 1641 503 1705; x_wconf 90' lang='lat' dir='ltr'><strong>neque</strong></span> <span class='ocrx_word' id='word_1_95' title='bbox 526 1618 688 1705; x_wconf 86' lang='lat' dir='ltr'><strong>probabile</strong></span> <span class='ocrx_word' id='word_1_96' title='bbox 705 1618 832 1684; x_wconf 91' lang='lat' dir='ltr'><strong>videtur</strong></span> <span class='ocrx_word' id='word_1_97' title='bbox 847 1641 917 1684; x_wconf 89' lang='lat' dir='ltr'><strong>esse</strong></span> <span class='ocrx_word' id='word_1_98' title='bbox 932 1620 988 1684; x_wconf 89' lang='lat' dir='ltr'><strong>has</strong></span> <span class='ocrx_word' id='word_1_99' title='bbox 1005 1620 1140 1707; x_wconf 82' lang='lat' dir='ltr'><strong>Nepotis</strong></span> <span class='ocrx_word' id='word_1_100' title='bbox 1157 1619 1386 1708; x_wconf 79' lang='lat' dir='ltr'><strong>discrepantias</strong></span> 
     </span>
     <span class='ocr_line' id='line_1_15' title="bbox 211 1725 1059 1813; baseline 0.004 -23"><span class='ocrx_word' id='word_1_101' title='bbox 211 1727 415 1792; x_wconf 88' lang='lat' dir='ltr'><strong>Plutarchum</strong></span> <span class='ocrx_word' id='word_1_102' title='bbox 438 1725 564 1790; x_wconf 89' lang='lat' dir='ltr'><strong>aliunde</strong></span> <span class='ocrx_word' id='word_1_103' title='bbox 587 1749 680 1812; x_wconf 90' lang='lat' dir='ltr'><strong>quam</strong></span> <span class='ocrx_word' id='word_1_104' title='bbox 704 1748 744 1792; x_wconf 86' lang='lat' dir='ltr'><strong>ex</strong></span> <span class='ocrx_word' id='word_1_105' title='bbox 767 1728 838 1813; x_wconf 90' lang='lat' dir='ltr'><strong>ipso</strong></span> <span class='ocrx_word' id='word_1_106' title='bbox 861 1727 1059 1812; x_wconf 81' lang='lat' dir='ltr'><strong>cognovisse.</strong></span> 
     </span>
    </p>

    <p class='ocr_par' dir='ltr' id='par_1_5' title="bbox 212 1833 1389 2541">
     <span class='ocr_line' id='line_1_16' title="bbox 319 1833 1388 1920; baseline 0.001 -21"><span class='ocrx_word' id='word_1_107' title='bbox 319 1834 468 1920; x_wconf 87' lang='lat' dir='ltr'><strong>Sequitur</strong></span> <span class='ocrx_word' id='word_1_108' title='bbox 495 1841 531 1898; x_wconf 88' lang='lat' dir='ltr'><strong>ut</strong></span> <span class='ocrx_word' id='word_1_109' title='bbox 556 1833 706 1898; x_wconf 88' lang='lat' dir='ltr'><strong>Tironem</strong></span> <span class='ocrx_word' id='word_1_110' title='bbox 735 1833 897 1899; x_wconf 83' lang='lat' dir='ltr'><strong>Ciceronis</strong></span> <span class='ocrx_word' id='word_1_111' title='bbox 925 1833 1072 1899; x_wconf 88' lang='lat' dir='ltr'><strong>libertum</strong></span> <span class='ocrx_word' id='word_1_112' title='bbox 1096 1856 1388 1915; x_wconf 90' lang='lat' dir='ltr'><strong>commemoremus,</strong></span> 
     </span>
     <span class='ocr_line' id='line_1_17' title="bbox 212 1939 1384 2029; baseline 0.002 -23"><span class='ocrx_word' id='word_1_113' title='bbox 212 1965 306 2029; x_wconf 91' lang='lat' dir='ltr'><strong>quem</strong></span> <span class='ocrx_word' id='word_1_114' title='bbox 329 1942 362 2005; x_wconf 89' lang='lat' dir='ltr'><strong>in</strong></span> <span class='ocrx_word' id='word_1_115' title='bbox 386 1942 452 2006; x_wconf 87' lang='lat' dir='ltr'><strong>vita</strong></span> <span class='ocrx_word' id='word_1_116' title='bbox 475 1939 637 2006; x_wconf 81' lang='lat' dir='ltr'><strong>Ciceronis</strong></span> <span class='ocrx_word' id='word_1_117' title='bbox 660 1940 848 2006; x_wconf 90' lang='lat' dir='ltr'><strong>Plutarchus</strong></span> <span class='ocrx_word' id='word_1_118' title='bbox 872 1940 921 2005; x_wconf 91' lang='lat' dir='ltr'><strong>bis</strong></span> <span class='ocrx_word' id='word_1_119' title='bbox 944 1939 1060 2006; x_wconf 88' lang='lat' dir='ltr'><strong>laudat.</strong></span> <span class='ocrx_word' id='word_1_120' title='bbox 1097 1941 1238 2006; x_wconf 89' lang='lat' dir='ltr'><strong>Primum</strong></span> <span class='ocrx_word' id='word_1_121' title='bbox 1254 1943 1287 2006; x_wconf 89' lang='lat' dir='ltr'><strong>in</strong></span> <span class='ocrx_word' id='word_1_122' title='bbox 1303 1965 1330 2006; x_wconf 91' lang='lat' dir='ltr'><strong>c.</strong></span> <span class='ocrx_word' id='word_1_123' title='bbox 1341 1945 1384 2008; x_wconf 82' lang='lat'><strong>41</strong></span> 
     </span>
     <span class='ocr_line' id='line_1_18' title="bbox 212 2047 1387 2135; baseline 0.001 -23"><span class='ocrx_word' id='word_1_124' title='bbox 212 2048 340 2135; x_wconf 89' lang='lat' dir='ltr'><strong>quidem</strong></span> <span class='ocrx_word' id='word_1_125' title='bbox 368 2049 552 2114; x_wconf 89' lang='lat' dir='ltr'><strong>Ciceronem</strong></span> <span class='ocrx_word' id='word_1_126' title='bbox 585 2047 679 2134; x_wconf 90' lang='lat' dir='ltr'><strong>paulo</strong></span> <span class='ocrx_word' id='word_1_127' title='bbox 707 2056 782 2134; x_wconf 89' lang='lat' dir='ltr'><strong>post</strong></span> <span class='ocrx_word' id='word_1_128' title='bbox 808 2070 901 2133; x_wconf 90' lang='lat' dir='ltr'><strong>quam</strong></span> <span class='ocrx_word' id='word_1_129' title='bbox 934 2070 1006 2113; x_wconf 93' lang='lat' dir='ltr'><strong>cum</strong></span> <span class='ocrx_word' id='word_1_130' title='bbox 1033 2048 1182 2113; x_wconf 86' lang='lat' dir='ltr'><strong>Terentia</strong></span> <span class='ocrx_word' id='word_1_131' title='bbox 1213 2048 1387 2113; x_wconf 90' lang='lat' dir='ltr'><strong>divortium</strong></span> 
     </span>
     <span class='ocr_line' id='line_1_19' title="bbox 212 2154 1383 2241; baseline 0 -21"><span class='ocrx_word' id='word_1_132' title='bbox 212 2157 340 2220; x_wconf 87' lang='lat' dir='ltr'><strong>fecisset</strong></span> <span class='ocrx_word' id='word_1_133' title='bbox 363 2157 515 2240; x_wconf 86' lang='lat' dir='ltr'><strong>virginem</strong></span> <span class='ocrx_word' id='word_1_134' title='bbox 543 2155 576 2218; x_wconf 91' lang='lat' dir='ltr'><strong>in</strong></span> <span class='ocrx_word' id='word_1_135' title='bbox 604 2156 837 2219; x_wconf 89' lang='lat' dir='ltr'><strong>matrimonium</strong></span> <span class='ocrx_word' id='word_1_136' title='bbox 859 2154 988 2220; x_wconf 86' lang='lat' dir='ltr'><strong>duxisse</strong></span> <span class='ocrx_word' id='word_1_137' title='bbox 1011 2164 1130 2235; x_wconf 82' lang='lat' dir='ltr'><strong>narrat,</strong></span> <span class='ocrx_word' id='word_1_138' title='bbox 1157 2177 1220 2220; x_wconf 91' lang='lat' dir='ltr'><strong>uon</strong></span> <span class='ocrx_word' id='word_1_139' title='bbox 1244 2155 1331 2241; x_wconf 91' lang='lat' dir='ltr'><strong>quod</strong></span> <span class='ocrx_word' id='word_1_140' title='bbox 1352 2156 1383 2220; x_wconf 94' lang='lat' dir='ltr'><strong>in</strong></span> 
     </span>
     <span class='ocr_line' id='line_1_20' title="bbox 213 2259 1386 2348; baseline 0 -22"><span class='ocrx_word' id='word_1_141' title='bbox 213 2285 350 2327; x_wconf 89' lang='lat' dir='ltr'><strong>amorem</strong></span> <span class='ocrx_word' id='word_1_142' title='bbox 374 2262 441 2325; x_wconf 90' lang='lat' dir='ltr'><strong>eius</strong></span> <span class='ocrx_word' id='word_1_143' title='bbox 465 2261 595 2345; x_wconf 85' lang='lat' dir='ltr'><strong>virginis</strong></span> <span class='ocrx_word' id='word_1_144' title='bbox 619 2259 796 2341; x_wconf 88' lang='lat' dir='ltr'><strong>incidisset,</strong></span> <span class='ocrx_word' id='word_1_145' title='bbox 825 2260 860 2325; x_wconf 93' lang='lat' dir='ltr'><strong>id</strong></span> <span class='ocrx_word' id='word_1_146' title='bbox 882 2261 967 2346; x_wconf 89' lang='lat' dir='ltr'><strong>quod</strong></span> <span class='ocrx_word' id='word_1_147' title='bbox 991 2262 1140 2327; x_wconf 88' lang='lat' dir='ltr'><strong>Terentia</strong></span> <span class='ocrx_word' id='word_1_148' title='bbox 1163 2264 1193 2326; x_wconf 91' lang='lat' dir='ltr'><strong>ei</strong></span> <span class='ocrx_word' id='word_1_149' title='bbox 1216 2263 1386 2348; x_wconf 85' lang='lat' dir='ltr'><strong>exprobra-</strong></span> 
     </span>
     <span class='ocr_line' id='line_1_21' title="bbox 213 2366 1389 2455; baseline -0.001 -20"><span class='ocrx_word' id='word_1_150' title='bbox 213 2371 326 2448; x_wconf 90' lang='lat' dir='ltr'><strong>visset,</strong></span> <span class='ocrx_word' id='word_1_151' title='bbox 357 2366 426 2447; x_wconf 88' lang='lat' dir='ltr'><strong>sed,</strong></span> <span class='ocrx_word' id='word_1_152' title='bbox 456 2375 492 2430; x_wconf 87' lang='lat' dir='ltr'><strong>ut</strong></span> <span class='ocrx_word' id='word_1_153' title='bbox 513 2367 590 2431; x_wconf 90' lang='lat' dir='ltr'><strong>Tiro</strong></span> <span class='ocrx_word' id='word_1_154' title='bbox 621 2369 688 2431; x_wconf 90' lang='lat' dir='ltr'><strong>eius</strong></span> <span class='ocrx_word' id='word_1_155' title='bbox 711 2367 842 2432; x_wconf 90' lang='lat' dir='ltr'><strong>libertus</strong></span> <span class='ocrx_word' id='word_1_156' title='bbox 866 2369 1039 2454; x_wconf 90' lang='lat' dir='ltr'><strong>scripserit,</strong></span> <span class='ocrx_word' id='word_1_157' title='bbox 1063 2391 1126 2455; x_wconf 91' lang='lat' dir='ltr'><strong>quc</strong></span> <span class='ocrx_word' id='word_1_158' title='bbox 1148 2368 1279 2434; x_wconf 89' lang='lat' dir='ltr'><strong>haberet</strong></span> <span class='ocrx_word' id='word_1_159' title='bbox 1302 2368 1389 2434; x_wconf 89' lang='lat' dir='ltr'><strong>uude</strong></span> 
     </span>
     <span class='ocr_line' id='line_1_22' title="bbox 214 2474 1026 2541; baseline 0.001 -1"><span class='ocrx_word' id='word_1_160' title='bbox 214 2497 267 2540; x_wconf 88' lang='lat' dir='ltr'><strong>aes</strong></span> <span class='ocrx_word' id='word_1_161' title='bbox 291 2475 425 2538; x_wconf 88' lang='lat' dir='ltr'><strong>alienum</strong></span> <span class='ocrx_word' id='word_1_162' title='bbox 449 2497 468 2538; x_wconf 88' lang='lat' dir='ltr'><strong>a</strong></span> <span class='ocrx_word' id='word_1_163' title='bbox 489 2474 639 2538; x_wconf 86' lang='lat' dir='ltr'><strong>Terentia</strong></span> <span class='ocrx_word' id='word_1_164' title='bbox 661 2481 856 2539; x_wconf 88' lang='lat' dir='ltr'><strong>contractum</strong></span> <span class='ocrx_word' id='word_1_165' title='bbox 879 2475 1026 2541; x_wconf 88' lang='lat' dir='ltr'><strong>solveret.</strong></span> 
     </span>
    </p>

    <p class='ocr_par' dir='ltr' id='par_1_6' title="bbox 213 2581 1390 3291">
     <span class='ocr_line' id='line_1_23' title="bbox 319 2581 1390 2668; baseline 0.002 -22"><span class='ocrx_word' id='word_1_166' title='bbox 319 2581 446 2646; x_wconf 89' lang='lat' dir='ltr'><strong>Deinde</strong></span> <span class='ocrx_word' id='word_1_167' title='bbox 475 2590 644 2668; x_wconf 87' lang='lat' dir='ltr'><strong>postquam</strong></span> <span class='ocrx_word' id='word_1_168' title='bbox 670 2581 858 2647; x_wconf 88' lang='lat' dir='ltr'><strong>Plutarchus</strong></span> <span class='ocrx_word' id='word_1_169' title='bbox 882 2581 1044 2648; x_wconf 86' lang='lat' dir='ltr'><strong>Ciceronis</strong></span> <span class='ocrx_word' id='word_1_170' title='bbox 1073 2583 1200 2649; x_wconf 88' lang='lat' dir='ltr'><strong>caedem</strong></span> <span class='ocrx_word' id='word_1_171' title='bbox 1225 2591 1257 2648; x_wconf 92' lang='lat' dir='ltr'><strong>et</strong></span> <span class='ocrx_word' id='word_1_172' title='bbox 1279 2582 1390 2648; x_wconf 89' lang='lat' dir='ltr'><strong>Philo-</strong></span> 
     </span>
     <span class='ocr_line' id='line_1_24' title="bbox 214 2685 1387 2780; baseline 0.003 -26"><span class='ocrx_word' id='word_1_173' title='bbox 214 2690 277 2776; x_wconf 84' lang='lat' dir='ltr'><strong>logi</strong></span> <span class='ocrx_word' id='word_1_174' title='bbox 301 2689 511 2776; x_wconf 90' lang='lat' dir='ltr'><strong>proditionem</strong></span> <span class='ocrx_word' id='word_1_175' title='bbox 534 2690 687 2769; x_wconf 88' lang='lat' dir='ltr'><strong>narravit,</strong></span> <span class='ocrx_word' id='word_1_176' title='bbox 709 2690 741 2752; x_wconf 91' lang='lat' dir='ltr'><strong>in</strong></span> <span class='ocrx_word' id='word_1_177' title='bbox 765 2712 791 2754; x_wconf 92' lang='grc' dir='ltr'><strong>ο.</strong></span> <span class='ocrx_word' id='word_1_178' title='bbox 814 2693 858 2755; x_wconf 84' lang='grc'><strong>49</strong></span> <span class='ocrx_word' id='word_1_179' title='bbox 883 2691 928 2754; x_wconf 89' lang='lat' dir='ltr'><strong>sie</strong></span> <span class='ocrx_word' id='word_1_180' title='bbox 951 2690 1070 2776; x_wconf 86' lang='lat' dir='ltr'><strong>pergit:</strong></span> <span class='ocrx_word' id='word_1_181' title='bbox 1111 2685 1191 2758; x_wconf 70' lang='grc' dir='ltr'><strong>οὕτω</strong></span> <span class='ocrx_word' id='word_1_182' title='bbox 1219 2690 1277 2780; x_wconf 86' lang='grc' dir='ltr'><strong>γάρ</strong></span> <span class='ocrx_word' id='word_1_183' title='bbox 1304 2689 1387 2758; x_wconf 74' lang='grc' dir='ltr'><em>ἔνιοι</em></span> 
     </span>
     <span class='ocr_line' id='line_1_25' title="bbox 213 2789 1383 2888; baseline -0.003 -22"><span class='ocrx_word' id='word_1_184' title='bbox 213 2805 278 2866; x_wconf 79' lang='grc' dir='ltr'><strong>τῶν</strong></span> <span class='ocrx_word' id='word_1_185' title='bbox 301 2799 504 2888; x_wconf 75' lang='grc' dir='ltr'><em>συγγραφέων</em></span> <span class='ocrx_word' id='word_1_186' title='bbox 528 2795 743 2887; x_wconf 75' lang='grc' dir='ltr'><em>ἱστορήκασιν·</em></span> <span class='ocrx_word' id='word_1_187' title='bbox 768 2791 835 2864; x_wconf 72' lang='lat' dir='ltr'><strong>dd&#39;</strong></span> <span class='ocrx_word' id='word_1_188' title='bbox 852 2789 951 2865; x_wconf 78' lang='grc' dir='ltr'><em>αὐτοῦ</em></span> <span class='ocrx_word' id='word_1_189' title='bbox 967 2803 1022 2865; x_wconf 83' lang='grc' dir='ltr'><strong>τοῦ</strong></span> <span class='ocrx_word' id='word_1_190' title='bbox 1037 2798 1221 2888; x_wconf 79' lang='grc' dir='ltr'><em>Κικέρωνος</em></span> <span class='ocrx_word' id='word_1_191' title='bbox 1243 2793 1383 2865; x_wconf 75' lang='grc' dir='ltr'><em>ἀπελεύ-</em></span> 
     </span>
     <span class='ocr_line' id='line_1_26' title="bbox 213 2898 1386 2996; baseline -0.003 -23"><span class='ocrx_word' id='word_1_192' title='bbox 213 2915 310 2996; x_wconf 71' lang='grc' dir='ltr'><em>θερος</em></span> <span class='ocrx_word' id='word_1_193' title='bbox 345 2904 449 2993; x_wconf 78' lang='grc' dir='ltr'><em>Τίρων</em></span> <span class='ocrx_word' id='word_1_194' title='bbox 480 2903 518 2970; x_wconf 87' lang='grc' dir='ltr'><strong>τὸ</strong></span> <span class='ocrx_word' id='word_1_195' title='bbox 550 2900 714 2992; x_wconf 77' lang='grc' dir='ltr'><em>παράπαν</em></span> <span class='ocrx_word' id='word_1_196' title='bbox 747 2898 820 2971; x_wconf 79' lang='grc' dir='ltr'><strong>οὐδὲ</strong></span> <span class='ocrx_word' id='word_1_197' title='bbox 848 2904 1010 2995; x_wconf 78' lang='grc' dir='ltr'><em>μέμνηται</em></span> <span class='ocrx_word' id='word_1_198' title='bbox 1041 2907 1096 2994; x_wconf 77' lang='grc' dir='ltr'><strong>τῆς</strong></span> <span class='ocrx_word' id='word_1_199' title='bbox 1125 2907 1180 2972; x_wconf 78' lang='grc' dir='ltr'><strong>τοῦ</strong></span> <span class='ocrx_word' id='word_1_200' title='bbox 1212 2900 1386 2990; x_wconf 76' lang='grc' dir='ltr'><em>Φιλολόγου</em></span> 
     </span>
     <span class='ocr_line' id='line_1_27' title="bbox 215 3010 1388 3102; baseline -0.003 -24"><span class='ocrx_word' id='word_1_201' title='bbox 215 3010 405 3102; x_wconf 73' lang='grc' dir='ltr'><em>προδοσίας.</em></span> <span class='ocrx_word' id='word_1_202' title='bbox 456 3011 507 3075; x_wconf 93' lang='lat' dir='ltr'><strong>De</strong></span> <span class='ocrx_word' id='word_1_203' title='bbox 536 3033 573 3074; x_wconf 90' lang='lat' dir='ltr'><strong>ea</strong></span> <span class='ocrx_word' id='word_1_204' title='bbox 596 3033 629 3074; x_wconf 91' lang='lat' dir='ltr'><strong>re</strong></span> <span class='ocrx_word' id='word_1_205' title='bbox 652 3010 801 3076; x_wconf 85' lang='lat' dir='ltr'><strong>Tironem</strong></span> <span class='ocrx_word' id='word_1_206' title='bbox 829 3010 907 3074; x_wconf 93' lang='lat' dir='ltr'><strong>nihil</strong></span> <span class='ocrx_word' id='word_1_207' title='bbox 935 3011 1062 3075; x_wconf 93' lang='lat' dir='ltr'><strong>omnino</strong></span> <span class='ocrx_word' id='word_1_208' title='bbox 1090 3032 1280 3076; x_wconf 90' lang='lat' dir='ltr'><strong>memorasse</strong></span> <span class='ocrx_word' id='word_1_209' title='bbox 1303 3033 1388 3075; x_wconf 93' lang='lat' dir='ltr'><strong>com-</strong></span> 
     </span>
     <span class='ocr_line' id='line_1_28' title="bbox 215 3117 1390 3205; baseline -0.001 -22"><span class='ocrx_word' id='word_1_210' title='bbox 215 3128 340 3205; x_wconf 90' lang='lat' dir='ltr'><strong>pertum</strong></span> <span class='ocrx_word' id='word_1_211' title='bbox 369 3117 484 3182; x_wconf 90' lang='lat' dir='ltr'><strong>habere</strong></span> <span class='ocrx_word' id='word_1_212' title='bbox 514 3117 701 3182; x_wconf 88' lang='lat' dir='ltr'><strong>Plutarchus</strong></span> <span class='ocrx_word' id='word_1_213' title='bbox 733 3118 787 3184; x_wconf 88' lang='lat' dir='ltr'><strong>vix</strong></span> <span class='ocrx_word' id='word_1_214' title='bbox 817 3126 954 3204; x_wconf 87' lang='lat' dir='ltr'><strong>poterat,</strong></span> <span class='ocrx_word' id='word_1_215' title='bbox 984 3118 1045 3183; x_wconf 88' lang='lat' dir='ltr'><strong>nisi</strong></span> <span class='ocrx_word' id='word_1_216' title='bbox 1075 3120 1146 3205; x_wconf 90' lang='lat' dir='ltr'><strong>ipsa</strong></span> <span class='ocrx_word' id='word_1_217' title='bbox 1174 3120 1241 3183; x_wconf 87' lang='lat' dir='ltr'><strong>eius</strong></span> <span class='ocrx_word' id='word_1_218' title='bbox 1271 3119 1390 3204; x_wconf 87' lang='lat' dir='ltr'><strong>scripta</strong></span> 
     </span>
     <span class='ocr_line' id='line_1_29' title="bbox 215 3225 366 3291; baseline 0 -3"><span class='ocrx_word' id='word_1_219' title='bbox 215 3225 366 3291; x_wconf 88' lang='lat' dir='ltr'><strong>novisset.</strong></span> 
     </span>
    </p>

    <p class='ocr_par' dir='ltr' id='par_1_7' title="bbox 145 3330 1391 3954">
     <span class='ocr_line' id='line_1_30' title="bbox 321 3330 1391 3418; baseline 0.002 -24"><span class='ocrx_word' id='word_1_220' title='bbox 321 3332 391 3396; x_wconf 86' lang='lat' dir='ltr'><strong>Iam</strong></span> <span class='ocrx_word' id='word_1_221' title='bbox 416 3333 509 3395; x_wconf 87' lang='lat' dir='ltr'><strong>venio</strong></span> <span class='ocrx_word' id='word_1_222' title='bbox 532 3330 572 3394; x_wconf 89' lang='lat' dir='ltr'><strong>ad</strong></span> <span class='ocrx_word' id='word_1_223' title='bbox 596 3331 642 3395; x_wconf 93' lang='lat' dir='ltr'><strong>M.</strong></span> <span class='ocrx_word' id='word_1_224' title='bbox 658 3331 840 3396; x_wconf 89' lang='lat' dir='ltr'><strong>Terentium</strong></span> <span class='ocrx_word' id='word_1_225' title='bbox 857 3331 1046 3413; x_wconf 87' lang='lat' dir='ltr'><strong>Varronem,</strong></span> <span class='ocrx_word' id='word_1_226' title='bbox 1068 3355 1163 3418; x_wconf 91' lang='lat' dir='ltr'><strong>quem</strong></span> <span class='ocrx_word' id='word_1_227' title='bbox 1185 3340 1289 3396; x_wconf 89' lang='lat' dir='ltr'><strong>utrum</strong></span> <span class='ocrx_word' id='word_1_228' title='bbox 1312 3332 1391 3396; x_wconf 89' lang='lat' dir='ltr'><strong>Plu-</strong></span> 
     </span>
     <span class='ocr_line' id='line_1_31' title="bbox 216 3436 1390 3525; baseline -0.002 -21"><span class='ocrx_word' id='word_1_229' title='bbox 216 3438 342 3504; x_wconf 87' lang='lat' dir='ltr'><strong>tarchus</strong></span> <span class='ocrx_word' id='word_1_230' title='bbox 373 3439 441 3524; x_wconf 89' lang='lat' dir='ltr'><strong>ipse</strong></span> <span class='ocrx_word' id='word_1_231' title='bbox 470 3437 582 3522; x_wconf 84' lang='lat' dir='ltr'><strong>legerit</strong></span> <span class='ocrx_word' id='word_1_232' title='bbox 611 3460 709 3502; x_wconf 90' lang='lat' dir='ltr'><strong>necne</strong></span> <span class='ocrx_word' id='word_1_233' title='bbox 739 3436 823 3501; x_wconf 88' lang='lat' dir='ltr'><strong>haud</strong></span> <span class='ocrx_word' id='word_1_234' title='bbox 852 3438 944 3503; x_wconf 86' lang='lat' dir='ltr'><strong>facile</strong></span> <span class='ocrx_word' id='word_1_235' title='bbox 968 3447 1017 3504; x_wconf 90' lang='lat' dir='ltr'><strong>est</strong></span> <span class='ocrx_word' id='word_1_236' title='bbox 1039 3440 1181 3525; x_wconf 84' lang='lat' dir='ltr'><strong>cognitu,</strong></span> <span class='ocrx_word' id='word_1_237' title='bbox 1210 3461 1283 3505; x_wconf 92' lang='lat' dir='ltr'><strong>cum</strong></span> <span class='ocrx_word' id='word_1_238' title='bbox 1305 3439 1390 3503; x_wconf 92' lang='lat' dir='ltr'><strong>illius</strong></span> 
     </span>
     <span class='ocr_line' id='line_1_32' title="bbox 145 3544 1390 3633; baseline 0 -23"><span class='ocrx_word' id='word_1_239' title='bbox 145 3597 147 3601; x_wconf 89' lang='lat'><em>.</em></span> <span class='ocrx_word' id='word_1_240' title='bbox 217 3546 425 3633; x_wconf 90' lang='lat' dir='ltr'><strong>copiosissimi</strong></span> <span class='ocrx_word' id='word_1_241' title='bbox 449 3544 610 3632; x_wconf 88' lang='lat' dir='ltr'><strong>scriptoris</strong></span> <span class='ocrx_word' id='word_1_242' title='bbox 626 3544 733 3609; x_wconf 87' lang='lat' dir='ltr'><strong>Latini</strong></span> <span class='ocrx_word' id='word_1_243' title='bbox 755 3554 881 3633; x_wconf 88' lang='lat' dir='ltr'><strong>praeter</strong></span> <span class='ocrx_word' id='word_1_244' title='bbox 903 3568 959 3611; x_wconf 88' lang='lat' dir='ltr'><strong>sex</strong></span> <span class='ocrx_word' id='word_1_245' title='bbox 982 3545 1022 3611; x_wconf 94' lang='lat' dir='ltr'><strong>de</strong></span> <span class='ocrx_word' id='word_1_246' title='bbox 1041 3546 1147 3632; x_wconf 86' lang='lat' dir='ltr'><strong>lingua</strong></span> <span class='ocrx_word' id='word_1_247' title='bbox 1161 3546 1277 3610; x_wconf 79' lang='lat' dir='ltr'><strong>latina</strong></span> <span class='ocrx_word' id='word_1_248' title='bbox 1291 3545 1390 3611; x_wconf 91' lang='lat' dir='ltr'><strong>libros</strong></span> 
     </span>
     <span class='ocr_line' id='line_1_33' title="bbox 217 3652 1391 3741; baseline -0.001 -23"><span class='ocrx_word' id='word_1_249' title='bbox 217 3662 250 3718; x_wconf 89' lang='lat' dir='ltr'><strong>et</strong></span> <span class='ocrx_word' id='word_1_250' title='bbox 272 3676 375 3719; x_wconf 89' lang='lat' dir='ltr'><strong>rerum</strong></span> <span class='ocrx_word' id='word_1_251' title='bbox 399 3653 585 3718; x_wconf 90' lang='lat' dir='ltr'><strong>rusticarum</strong></span> <span class='ocrx_word' id='word_1_252' title='bbox 613 3652 710 3717; x_wconf 91' lang='lat' dir='ltr'><strong>libros</strong></span> <span class='ocrx_word' id='word_1_253' title='bbox 738 3659 802 3718; x_wconf 91' lang='lat' dir='ltr'><strong>tres</strong></span> <span class='ocrx_word' id='word_1_254' title='bbox 826 3654 1001 3739; x_wconf 85' lang='lat' dir='ltr'><strong>fragmenta</strong></span> <span class='ocrx_word' id='word_1_255' title='bbox 1023 3661 1145 3718; x_wconf 88' lang='lat' dir='ltr'><strong>tantum</strong></span> <span class='ocrx_word' id='word_1_256' title='bbox 1175 3652 1216 3718; x_wconf 90' lang='lat' dir='ltr'><strong>ad</strong></span> <span class='ocrx_word' id='word_1_257' title='bbox 1238 3675 1296 3719; x_wconf 89' lang='lat' dir='ltr'><strong>nos</strong></span> <span class='ocrx_word' id='word_1_258' title='bbox 1319 3675 1391 3741; x_wconf 91' lang='lat' dir='ltr'><strong>per-</strong></span> 
     </span>
     <span class='ocr_line' id='line_1_34' title="bbox 217 3749 1391 3827; baseline -0.003 0"><span class='ocrx_word' id='word_1_259' title='bbox 217 3761 370 3827; x_wconf 87' lang='lat' dir='ltr'><strong>venerint.</strong></span> <span class='ocrx_word' id='word_1_260' title='bbox 421 3760 517 3826; x_wconf 88' lang='lat' dir='ltr'><strong>Unde</strong></span> <span class='ocrx_word' id='word_1_261' title='bbox 546 3768 614 3825; x_wconf 88' lang='lat' dir='ltr'><strong>orta</strong></span> <span class='ocrx_word' id='word_1_262' title='bbox 642 3768 691 3826; x_wconf 87' lang='lat' dir='ltr'><strong>cst</strong></span> <span class='ocrx_word' id='word_1_263' title='bbox 713 3761 851 3827; x_wconf 90' lang='lat' dir='ltr'><strong>virorum</strong></span> <span class='ocrx_word' id='word_1_264' title='bbox 882 3760 1046 3826; x_wconf 87' lang='lat' dir='ltr'><strong>doctorum</strong></span> <span class='ocrx_word' id='word_1_265' title='bbox 1071 3749 1227 3825; x_wconf 88' lang='lat' dir='ltr'><strong>dissensio</strong></span> <span class='ocrx_word' id='word_1_266' title='bbox 1251 3760 1291 3825; x_wconf 90' lang='lat' dir='ltr'><strong>de</strong></span> <span class='ocrx_word' id='word_1_267' title='bbox 1314 3760 1391 3825; x_wconf 93' lang='lat' dir='ltr'><strong>Plu-</strong></span> 
     </span>
     <span class='ocr_line' id='line_1_35' title="bbox 217 3866 1391 3954; baseline -0.002 -21"><span class='ocrx_word' id='word_1_268' title='bbox 217 3868 317 3933; x_wconf 90' lang='lat' dir='ltr'><strong>tarchi</strong></span> <span class='ocrx_word' id='word_1_269' title='bbox 332 3868 580 3946; x_wconf 74' lang='lat' dir='ltr'><strong>Quaestionibus</strong></span> <span class='ocrx_word' id='word_1_270' title='bbox 596 3868 757 3933; x_wconf 86' lang='lat' dir='ltr'><strong>Romanis.</strong></span> <span class='ocrx_word' id='word_1_271' title='bbox 802 3868 867 3932; x_wconf 92' lang='lat' dir='ltr'><strong>Alii</strong></span> <span class='ocrx_word' id='word_1_272' title='bbox 892 3869 984 3949; x_wconf 91' lang='lat' dir='ltr'><strong>enim,</strong></span> <span class='ocrx_word' id='word_1_273' title='bbox 1006 3868 1038 3931; x_wconf 90' lang='lat' dir='ltr'><strong>in</strong></span> <span class='ocrx_word' id='word_1_274' title='bbox 1062 3867 1175 3954; x_wconf 91' lang='lat' dir='ltr'><strong>quibus</strong></span> <span class='ocrx_word' id='word_1_275' title='bbox 1194 3866 1362 3932; x_wconf 87' lang='lat' dir='ltr'><strong>Thilonem</strong></span> <span class='ocrx_word' id='word_1_276' title='bbox 1370 3871 1391 3948; x_wconf 81' lang='lat'><strong>1,</strong></span> 
     </span>
    </p>
   </div>
   <div class='ocr_carea' id='block_1_4' title="bbox 325 4099 1390 4172">
    <p class='ocr_par' dir='ltr' id='par_1_8' title="bbox 325 4099 1390 4172">
     <span class='ocr_line' id='line_1_36' title="bbox 325 4099 1390 4172; baseline -0.001 -16"><span class='ocrx_word' id='word_1_277' title='bbox 325 4103 335 4133; x_wconf 79' lang='lat'>¹</span> <span class='ocrx_word' id='word_1_278' title='bbox 354 4101 398 4156; x_wconf 89' lang='lat' dir='ltr'><strong>Dc</strong></span> <span class='ocrx_word' id='word_1_279' title='bbox 408 4100 533 4156; x_wconf 86' lang='lat' dir='ltr'><strong>Varrone</strong></span> <span class='ocrx_word' id='word_1_280' title='bbox 542 4099 686 4154; x_wconf 88' lang='lat' dir='ltr'><strong>Plutarchi</strong></span> <span class='ocrx_word' id='word_1_281' title='bbox 700 4099 893 4172; x_wconf 89' lang='lat' dir='ltr'><strong>quaestionum</strong></span> <span class='ocrx_word' id='word_1_282' title='bbox 902 4099 1092 4155; x_wconf 88' lang='lat' dir='ltr'><strong>Romanarum</strong></span> <span class='ocrx_word' id='word_1_283' title='bbox 1107 4103 1218 4154; x_wconf 89' lang='lat' dir='ltr'><strong>auctore</strong></span> <span class='ocrx_word' id='word_1_284' title='bbox 1232 4099 1390 4171; x_wconf 86' lang='lat' dir='ltr'><strong>praecipuo.</strong></span> 
     </span>
    </p>
   </div>
   <div class='ocr_carea' id='block_1_5' title="bbox 0 0 1559 4732">
    <p class='ocr_par' dir='ltr' id='par_1_9' title="bbox 0 0 1559 4732">
     <span class='ocr_line' id='line_1_37' title="bbox 0 0 1559 4732; baseline 0 0"><span class='ocrx_word' id='word_1_285' title='bbox 0 0 1559 4732; x_wconf 95' lang='lat' dir='ltr'><strong> </strong></span> 
     </span>
    </p>
   </div>
  </div>
 </body>
</html>
