<?xml version="1.0" encoding="UTF-8"?>
<!DOCTYPE html PUBLIC "-//W3C//DTD XHTML 1.0 Transitional//EN"
    "http://www.w3.org/TR/xhtml1/DTD/xhtml1-transitional.dtd">
<html xmlns="http://www.w3.org/1999/xhtml" xml:lang="en" lang="en">
 <head>
  <title>
</title>
<meta http-equiv="Content-Type" content="text/html;charset=utf-8" />
  <meta name='ocr-system' content='tesseract 3.04.00' />
  <meta name='ocr-capabilities' content='ocr_page ocr_carea ocr_par ocr_line ocrx_word'/>
</head>
<body>
  <div class='ocr_page' id='page_1' title='image "./descriptorumlat00vorngoog_0075.png"; bbox 0 0 3086 4732; ppageno 0'>
   <div class='ocr_carea' id='block_1_1' title="bbox 665 321 878 419">
    <p class='ocr_par' dir='ltr' id='par_1_1' title="bbox 665 321 878 419">
     <span class='ocr_line' id='line_1_1' title="bbox 665 321 878 419; baseline -0.009 0"><span class='ocrx_word' id='word_1_1' title='bbox 665 321 878 419; x_wconf 28' lang='lat' dir='ltr'>*tt*</span> 
     </span>
    </p>
   </div>
   <div class='ocr_carea' id='block_1_2' title="bbox 185 501 1361 4244">
    <p class='ocr_par' dir='ltr' id='par_1_2' title="bbox 185 501 1358 712">
     <span class='ocr_line' id='line_1_2' title="bbox 185 501 1358 607; baseline 0.001 -29"><span class='ocrx_word' id='word_1_2' title='bbox 185 521 218 578; x_wconf 86' lang='lat' dir='ltr'>et</span> <span class='ocrx_word' id='word_1_3' title='bbox 248 514 280 577; x_wconf 92' lang='lat' dir='ltr'>in</span> <span class='ocrx_word' id='word_1_4' title='bbox 312 537 337 577; x_wconf 92' lang='grc' dir='ltr'>ο.</span> <span class='ocrx_word' id='word_1_5' title='bbox 362 517 420 578; x_wconf 79' lang='lat'>27:</span> <span class='ocrx_word' id='word_1_6' title='bbox 467 501 493 604; x_wconf 77' lang='lat' dir='ltr'>qi</span> <span class='ocrx_word' id='word_1_7' title='bbox 524 515 580 582; x_wconf 85' lang='grc' dir='ltr'>καί</span> <span class='ocrx_word' id='word_1_8' title='bbox 609 510 750 599; x_wconf 86' lang='grc' dir='ltr'>μάλισια</span> <span class='ocrx_word' id='word_1_9' title='bbox 782 511 943 607; x_wconf 75' lang='grc' dir='ltr'><em>τεκμηρίῳ</em></span> <span class='ocrx_word' id='word_1_10' title='bbox 972 517 1113 604; x_wconf 65' lang='grc' dir='ltr'>χρῆσθαι</span> <span class='ocrx_word' id='word_1_11' title='bbox 1142 511 1199 581; x_wconf 84' lang='grc' dir='ltr'><em>τὸν</em></span> <span class='ocrx_word' id='word_1_12' title='bbox 1229 509 1358 580; x_wconf 84' lang='grc' dir='ltr'><em>Κάιλον</em></span> 
     </span>
     <span class='ocr_line' id='line_1_3' title="bbox 185 615 978 712; baseline 0.001 -26"><span class='ocrx_word' id='word_1_13' title='bbox 185 621 401 709; x_wconf 81' lang='grc' dir='ltr'><em>(λέγουσιν)</em></span> <span class='ocrx_word' id='word_1_14' title='bbox 425 615 470 701; x_wconf 79' lang='grc' dir='ltr'>ὦς</span> <span class='ocrx_word' id='word_1_15' title='bbox 494 616 565 688; x_wconf 78' lang='grc' dir='ltr'>κατ’</span> <span class='ocrx_word' id='word_1_16' title='bbox 590 615 686 689; x_wconf 74' lang='grc' dir='ltr'><em>αι”ιόν</em></span> <span class='ocrx_word' id='word_1_17' title='bbox 710 617 729 711; x_wconf 76' lang='grc' dir='ltr'><em>ἡ</em></span> <span class='ocrx_word' id='word_1_18' title='bbox 753 620 824 712; x_wconf 84' lang='grc' dir='ltr'><em>νίκη</em></span> <span class='ocrx_word' id='word_1_19' title='bbox 847 619 978 707; x_wconf 83' lang='grc' dir='ltr'>γε’νοιιο.</span> 
     </span>
    </p>

    <p class='ocr_par' dir='ltr' id='par_1_3' title="bbox 185 725 1359 1985">
     <span class='ocr_line' id='line_1_4' title="bbox 291 725 1356 813; baseline 0 -23"><span class='ocrx_word' id='word_1_20' title='bbox 291 727 403 813; x_wconf 87' lang='lat' dir='ltr'>Neque</span> <span class='ocrx_word' id='word_1_21' title='bbox 419 727 510 792; x_wconf 85' lang='lat' dir='ltr'>aliter·</span> <span class='ocrx_word' id='word_1_22' title='bbox 525 726 603 792; x_wconf 92' lang='lat' dir='ltr'>dicit</span> <span class='ocrx_word' id='word_1_23' title='bbox 618 726 658 793; x_wconf 93' lang='lat' dir='ltr'>de</span> <span class='ocrx_word' id='word_1_24' title='bbox 674 726 840 791; x_wconf 83' lang='lat' dir='ltr'>Corneliae</span> <span class='ocrx_word' id='word_1_25' title='bbox 859 725 1002 812; x_wconf 80' lang='lat' dir='ltr'>epistulis</span> <span class='ocrx_word' id='word_1_26' title='bbox 1020 727 1051 789; x_wconf 94' lang='lat' dir='ltr'>in</span> <span class='ocrx_word' id='word_1_27' title='bbox 1069 725 1153 790; x_wconf 91' lang='lat' dir='ltr'>vitae</span> <span class='ocrx_word' id='word_1_28' title='bbox 1169 725 1206 792; x_wconf 72' lang='lat' dir='ltr'>O„</span> <span class='ocrx_word' id='word_1_29' title='bbox 1219 725 1356 791; x_wconf 81' lang='lat' dir='ltr'>Gracchi</span> 
     </span>
     <span class='ocr_line' id='line_1_5' title="bbox 185 827 1359 924; baseline 0.003 -28"><span class='ocrx_word' id='word_1_30' title='bbox 185 857 209 897; x_wconf 91' lang='lat' dir='ltr'>c.</span> <span class='ocrx_word' id='word_1_31' title='bbox 236 837 292 898; x_wconf 90' lang='lat'>13:</span> <span class='ocrx_word' id='word_1_32' title='bbox 339 833 490 922; x_wconf 79' lang='grc' dir='ltr'>λέγουσι</span> <span class='ocrx_word' id='word_1_33' title='bbox 517 888 523 902; x_wconf 92' lang='grc'><em>.</em></span> <span class='ocrx_word' id='word_1_34' title='bbox 613 886 619 898; x_wconf 94' lang='grc'><strong><em>.</em></strong></span> <span class='ocrx_word' id='word_1_35' title='bbox 645 889 651 901; x_wconf 94' lang='grc'><strong>.</strong></span> <span class='ocrx_word' id='word_1_36' title='bbox 679 839 781 901; x_wconf 78' lang='grc' dir='ltr'><em>ταῦτα</em></span> <span class='ocrx_word' id='word_1_37' title='bbox 809 832 868 922; x_wconf 86' lang='grc' dir='ltr'>γάρ</span> <span class='ocrx_word' id='word_1_38' title='bbox 893 834 926 900; x_wconf 77' lang='grc' dir='ltr'><em>ἐν</em></span> <span class='ocrx_word' id='word_1_39' title='bbox 949 840 1017 914; x_wconf 77' lang='grc' dir='ltr'><strong><em>τοῖς</em></strong></span> <span class='ocrx_word' id='word_1_40' title='bbox 1036 832 1238 914; x_wconf 77' lang='grc' dir='ltr'><strong><em>ἐπιστολίοις</em></strong></span> <span class='ocrx_word' id='word_1_41' title='bbox 1261 827 1359 924; x_wconf 76' lang='grc' dir='ltr'><em>αὐτῆς</em></span> 
     </span>
     <span class='ocr_line' id='line_1_6' title="bbox 185 937 1358 1032; baseline -0.002 -24"><span class='ocrx_word' id='word_1_42' title='bbox 185 937 337 1031; x_wconf 74' lang='grc' dir='ltr'><em>ᾐνιγμένα</em></span> <span class='ocrx_word' id='word_1_43' title='bbox 360 941 546 1032; x_wconf 68' lang='grc' dir='ltr'><em>γεγράφθαι</em></span> <span class='ocrx_word' id='word_1_44' title='bbox 571 941 654 1032; x_wconf 80' lang='grc' dir='ltr'>πρὸς</span> <span class='ocrx_word' id='word_1_45' title='bbox 676 938 732 1010; x_wconf 77' lang='grc' dir='ltr'><em>τὸν</em></span> <span class='ocrx_word' id='word_1_46' title='bbox 755 939 839 1024; x_wconf 82' lang='grc' dir='ltr'><em>νίόν,</em></span> <span class='ocrx_word' id='word_1_47' title='bbox 862 939 903 1004; x_wconf 92' lang='lat' dir='ltr'>de</span> <span class='ocrx_word' id='word_1_48' title='bbox 927 939 1066 1026; x_wconf 83' lang='lat' dir='ltr'>Sulpicio</span> <span class='ocrx_word' id='word_1_49' title='bbox 1090 939 1194 1005; x_wconf 87' lang='lat' dir='ltr'>Galba</span> <span class='ocrx_word' id='word_1_50' title='bbox 1217 941 1249 1004; x_wconf 95' lang='lat' dir='ltr'>in</span> <span class='ocrx_word' id='word_1_51' title='bbox 1274 940 1358 1006; x_wconf 90' lang='lat' dir='ltr'>vitae</span> 
     </span>
     <span class='ocr_line' id='line_1_7' title="bbox 185 1039 1358 1138; baseline 0.004 -28"><span class='ocrx_word' id='word_1_52' title='bbox 185 1046 313 1111; x_wconf 86' lang='lat' dir='ltr'>Romuli</span> <span class='ocrx_word' id='word_1_53' title='bbox 336 1070 362 1112; x_wconf 92' lang='lat' dir='ltr'>c.</span> <span class='ocrx_word' id='word_1_54' title='bbox 378 1050 432 1112; x_wconf 81' lang='lat'>17:</span> <span class='ocrx_word' id='word_1_55' title='bbox 457 1039 541 1116; x_wconf 75' lang='grc' dir='ltr'><em>ἑάλω</em></span> <span class='ocrx_word' id='word_1_56' title='bbox 566 1049 601 1116; x_wconf 76' lang='grc' dir='ltr'>δὲ</span> <span class='ocrx_word' id='word_1_57' title='bbox 626 1049 682 1116; x_wconf 84' lang='grc' dir='ltr'>καί</span> <span class='ocrx_word' id='word_1_58' title='bbox 707 1046 881 1138; x_wconf 81' lang='grc' dir='ltr'>ΙΤαρπήιος</span> <span class='ocrx_word' id='word_1_59' title='bbox 903 1045 1085 1137; x_wconf 74' lang='grc' dir='ltr'><strong><em>προδοσίας</em></strong></span> <span class='ocrx_word' id='word_1_60' title='bbox 1107 1041 1174 1115; x_wconf 67' lang='grc' dir='ltr'>ὑπὸ</span> <span class='ocrx_word' id='word_1_61' title='bbox 1196 1041 1358 1133; x_wconf 79' lang='grc' dir='ltr'><strong><em>Ῥωμύλου</em></strong></span> 
     </span>
     <span class='ocr_line' id='line_1_8' title="bbox 186 1149 1358 1248; baseline -0.003 -27"><span class='ocrx_word' id='word_1_62' title='bbox 186 1153 350 1238; x_wconf 73' lang='grc' dir='ltr'><em>διωχθείς,</em></span> <span class='ocrx_word' id='word_1_63' title='bbox 374 1149 418 1235; x_wconf 76' lang='grc' dir='ltr'>ὡς</span> <span class='ocrx_word' id='word_1_64' title='bbox 434 1152 530 1242; x_wconf 71' lang='grc' dir='ltr'><em>Ιόγλας</em></span> <span class='ocrx_word' id='word_1_65' title='bbox 553 1156 631 1248; x_wconf 83' lang='grc' dir='ltr'><em>ιγησί</em></span> <span class='ocrx_word' id='word_1_66' title='bbox 648 1153 779 1241; x_wconf 76' lang='grc' dir='ltr'><em>Γάλβαν</em></span> <span class='ocrx_word' id='word_1_67' title='bbox 796 1153 993 1222; x_wconf 80' lang='grc' dir='ltr'>Σουλπίκιον</span> <span class='ocrx_word' id='word_1_68' title='bbox 1019 1152 1165 1244; x_wconf 77' lang='grc' dir='ltr'><em>ίσιορεῖν,</em></span> <span class='ocrx_word' id='word_1_69' title='bbox 1188 1153 1228 1218; x_wconf 91' lang='lat' dir='ltr'>de</span> <span class='ocrx_word' id='word_1_70' title='bbox 1245 1154 1358 1220; x_wconf 82' lang='lat' dir='ltr'>Cassio</span> 
     </span>
     <span class='ocr_line' id='line_1_9' title="bbox 186 1256 1358 1353; baseline 0.002 -26"><span class='ocrx_word' id='word_1_71' title='bbox 186 1260 305 1327; x_wconf 87' lang='lat' dir='ltr'>Severo</span> <span class='ocrx_word' id='word_1_72' title='bbox 329 1260 369 1325; x_wconf 92' lang='lat' dir='ltr'>de</span> <span class='ocrx_word' id='word_1_73' title='bbox 393 1261 572 1326; x_wconf 76' lang='lat' dir='ltr'>adulatione</span> <span class='ocrx_word' id='word_1_74' title='bbox 596 1269 628 1326; x_wconf 94' lang='lat' dir='ltr'>et</span> <span class='ocrx_word' id='word_1_75' title='bbox 650 1262 750 1326; x_wconf 92' lang='lat' dir='ltr'>amico</span> <span class='ocrx_word' id='word_1_76' title='bbox 774 1283 800 1325; x_wconf 91' lang='lat' dir='ltr'>c.</span> <span class='ocrx_word' id='word_1_77' title='bbox 826 1264 883 1326; x_wconf 85' lang='lat'>18:</span> <span class='ocrx_word' id='word_1_78' title='bbox 911 1259 1017 1329; x_wconf 81' lang='grc' dir='ltr'><em>εἰπεῖν</em></span> <span class='ocrx_word' id='word_1_79' title='bbox 1041 1284 1136 1353; x_wconf 83' lang='grc' dir='ltr'>φασι</span> <span class='ocrx_word' id='word_1_80' title='bbox 1160 1257 1216 1329; x_wconf 76' lang='lat' dir='ltr'>cdv</span> <span class='ocrx_word' id='word_1_81' title='bbox 1239 1256 1358 1352; x_wconf 72' lang='grc' dir='ltr'>ῥήτορα</span> 
     </span>
     <span class='ocr_line' id='line_1_10' title="bbox 185 1361 1359 1461; baseline 0 -27"><span class='ocrx_word' id='word_1_82' title='bbox 185 1367 329 1438; x_wconf 89' lang='grc' dir='ltr'><em>Κάσσιον</em></span> <span class='ocrx_word' id='word_1_83' title='bbox 352 1375 500 1459; x_wconf 77' lang='grc' dir='ltr'>Σευῆρον</span> <span class='ocrx_word' id='word_1_84' title='bbox 525 1364 604 1461; x_wconf 72' lang='grc' dir='ltr'>αάιη</span> <span class='ocrx_word' id='word_1_85' title='bbox 628 1371 738 1437; x_wconf 82' lang='grc' dir='ltr'>ιοῦιον</span> <span class='ocrx_word' id='word_1_86' title='bbox 761 1363 781 1458; x_wconf 75' lang='grc' dir='ltr'>ἡ</span> <span class='ocrx_word' id='word_1_87' title='bbox 804 1366 972 1461; x_wconf 77' lang='grc' dir='ltr'>παρρησία</span> <span class='ocrx_word' id='word_1_88' title='bbox 994 1365 1050 1435; x_wconf 84' lang='grc' dir='ltr'><em>τὸν</em></span> <span class='ocrx_word' id='word_1_89' title='bbox 1072 1361 1253 1458; x_wconf 74' lang='grc' dir='ltr'><em>άνθρωπον</em></span> <span class='ocrx_word' id='word_1_90' title='bbox 1272 1363 1359 1434; x_wconf 76' lang='lat' dir='ltr'>oino-</span> 
     </span>
     <span class='ocr_line' id='line_1_11' title="bbox 186 1473 1357 1560; baseline -0.003 -19"><span class='ocrx_word' id='word_1_91' title='bbox 186 1481 297 1543; x_wconf 77' lang='grc' dir='ltr'><em>κτενεῖ.</em></span> <span class='ocrx_word' id='word_1_92' title='bbox 343 1475 439 1553; x_wconf 78' lang='lat' dir='ltr'>Quod</span> <span class='ocrx_word' id='word_1_93' title='bbox 464 1475 599 1560; x_wconf 89' lang='lat' dir='ltr'>denique</span> <span class='ocrx_word' id='word_1_94' title='bbox 615 1474 652 1540; x_wconf 88' lang='lat' dir='ltr'>C.</span> <span class='ocrx_word' id='word_1_95' title='bbox 667 1474 793 1539; x_wconf 89' lang='lat' dir='ltr'>Pisonis</span> <span class='ocrx_word' id='word_1_96' title='bbox 812 1477 1000 1540; x_wconf 88' lang='lat' dir='ltr'>mentionem</span> <span class='ocrx_word' id='word_1_97' title='bbox 1025 1475 1071 1538; x_wconf 92' lang='lat' dir='ltr'>sic</span> <span class='ocrx_word' id='word_1_98' title='bbox 1093 1473 1195 1538; x_wconf 89' lang='lat' dir='ltr'>iniicit</span> <span class='ocrx_word' id='word_1_99' title='bbox 1218 1475 1250 1537; x_wconf 92' lang='lat' dir='ltr'>in</span> <span class='ocrx_word' id='word_1_100' title='bbox 1273 1476 1357 1540; x_wconf 92' lang='lat' dir='ltr'>vitae</span> 
     </span>
     <span class='ocr_line' id='line_1_12' title="bbox 186 1578 1355 1672; baseline 0.003 -28"><span class='ocrx_word' id='word_1_101' title='bbox 186 1581 281 1645; x_wconf 92' lang='lat' dir='ltr'>Marii</span> <span class='ocrx_word' id='word_1_102' title='bbox 297 1604 324 1645; x_wconf 90' lang='lat' dir='ltr'>c.</span> <span class='ocrx_word' id='word_1_103' title='bbox 337 1585 395 1646; x_wconf 77' lang='lat'>45:</span> <span class='ocrx_word' id='word_1_104' title='bbox 421 1581 521 1664; x_wconf 83' lang='grc' dir='ltr'><strong><em>Γάϊος</em></strong></span> <span class='ocrx_word' id='word_1_105' title='bbox 543 1582 579 1649; x_wconf 81' lang='grc' dir='ltr'>δέ</span> <span class='ocrx_word' id='word_1_106' title='bbox 594 1610 643 1663; x_wconf 79' lang='grc' dir='ltr'>εις</span> <span class='ocrx_word' id='word_1_107' title='bbox 658 1579 797 1666; x_wconf 84' lang='grc' dir='ltr'><em>Πείσων,</em></span> <span class='ocrx_word' id='word_1_108' title='bbox 822 1578 899 1672; x_wconf 76' lang='grc' dir='ltr'><em>ἀνὴρ</em></span> <span class='ocrx_word' id='word_1_109' title='bbox 924 1579 1090 1669; x_wconf 61' lang='grc' dir='ltr'>ἱστορικός,</span> <span class='ocrx_word' id='word_1_110' title='bbox 1116 1581 1233 1669; x_wconf 71' lang='grc' dir='ltr'>ἱστορεῖ</span> <span class='ocrx_word' id='word_1_111' title='bbox 1248 1585 1355 1665; x_wconf 85' lang='grc' dir='ltr'><strong><em>κ.ι.λ.,</em></strong></span> 
     </span>
     <span class='ocr_line' id='line_1_13' title="bbox 186 1686 1358 1776; baseline 0.002 -26"><span class='ocrx_word' id='word_1_112' title='bbox 186 1686 226 1752; x_wconf 89' lang='lat' dir='ltr'>de</span> <span class='ocrx_word' id='word_1_113' title='bbox 250 1687 310 1752; x_wconf 90' lang='lat' dir='ltr'>hoc</span> <span class='ocrx_word' id='word_1_114' title='bbox 333 1688 449 1753; x_wconf 88' lang='lat' dir='ltr'>Pisone</span> <span class='ocrx_word' id='word_1_115' title='bbox 472 1688 549 1752; x_wconf 89' lang='lat' dir='ltr'>nihil</span> <span class='ocrx_word' id='word_1_116' title='bbox 577 1697 771 1776; x_wconf 87' lang='lat' dir='ltr'>compertum</span> <span class='ocrx_word' id='word_1_117' title='bbox 795 1688 945 1753; x_wconf 91' lang='lat' dir='ltr'>habemus</span> <span class='ocrx_word' id='word_1_118' title='bbox 969 1689 1029 1754; x_wconf 93' lang='lat' dir='ltr'>nisi</span> <span class='ocrx_word' id='word_1_119' title='bbox 1060 1688 1137 1752; x_wconf 89' lang='lat' dir='ltr'>haec</span> <span class='ocrx_word' id='word_1_120' title='bbox 1161 1687 1229 1774; x_wconf 88' lang='lat' dir='ltr'>ipsa</span> <span class='ocrx_word' id='word_1_121' title='bbox 1253 1689 1358 1768; x_wconf 89' lang='lat' dir='ltr'>verba,</span> 
     </span>
     <span class='ocr_line' id='line_1_14' title="bbox 186 1793 1359 1882; baseline 0.001 -24"><span class='ocrx_word' id='word_1_122' title='bbox 186 1804 217 1858; x_wconf 90' lang='lat' dir='ltr'>et</span> <span class='ocrx_word' id='word_1_123' title='bbox 242 1818 280 1859; x_wconf 90' lang='lat' dir='ltr'>ne</span> <span class='ocrx_word' id='word_1_124' title='bbox 304 1793 484 1860; x_wconf 84' lang='lat' dir='ltr'>Plutarcho</span> <span class='ocrx_word' id='word_1_125' title='bbox 502 1795 630 1882; x_wconf 89' lang='lat' dir='ltr'>quidem</span> <span class='ocrx_word' id='word_1_126' title='bbox 660 1819 731 1860; x_wconf 91' lang='lat' dir='ltr'>eum</span> <span class='ocrx_word' id='word_1_127' title='bbox 760 1799 836 1860; x_wconf 90' lang='lat' dir='ltr'>satis</span> <span class='ocrx_word' id='word_1_128' title='bbox 867 1802 975 1860; x_wconf 90' lang='lat' dir='ltr'>notum</span> <span class='ocrx_word' id='word_1_129' title='bbox 1005 1796 1105 1860; x_wconf 89' lang='lat' dir='ltr'>fuisse</span> <span class='ocrx_word' id='word_1_130' title='bbox 1133 1796 1232 1882; x_wconf 92' lang='lat' dir='ltr'>ipsius</span> <span class='ocrx_word' id='word_1_131' title='bbox 1262 1796 1359 1861; x_wconf 90' lang='lat' dir='ltr'>verba</span> 
     </span>
     <span class='ocr_line' id='line_1_15' title="bbox 186 1900 1052 1985; baseline -0.003 -15"><span class='ocrx_word' id='word_1_132' title='bbox 186 1900 286 1984; x_wconf 80' lang='grc' dir='ltr'><strong><em>Γάϊος</em></strong></span> <span class='ocrx_word' id='word_1_133' title='bbox 309 1903 345 1972; x_wconf 77' lang='grc' dir='ltr'>δέ</span> <span class='ocrx_word' id='word_1_134' title='bbox 367 1931 429 1985; x_wconf 80' lang='grc' dir='ltr'>τις</span> <span class='ocrx_word' id='word_1_135' title='bbox 452 1903 582 1972; x_wconf 84' lang='grc' dir='ltr'><em>Πείσων</em></span> <span class='ocrx_word' id='word_1_136' title='bbox 605 1903 772 1968; x_wconf 87' lang='lat' dir='ltr'>ostendere</span> <span class='ocrx_word' id='word_1_137' title='bbox 795 1901 870 1966; x_wconf 91' lang='lat' dir='ltr'>mihi</span> <span class='ocrx_word' id='word_1_138' title='bbox 896 1902 1052 1968; x_wconf 89' lang='lat' dir='ltr'>videntur.</span> 
     </span>
    </p>

    <p class='ocr_par' dir='ltr' id='par_1_4' title="bbox 185 2008 1361 3683">
     <span class='ocr_line' id='line_1_16' title="bbox 292 2008 1360 2097; baseline 0.002 -25"><span class='ocrx_word' id='word_1_139' title='bbox 292 2009 331 2072; x_wconf 89' lang='lat' dir='ltr'>lu</span> <span class='ocrx_word' id='word_1_140' title='bbox 354 2011 415 2075; x_wconf 89' lang='lat' dir='ltr'>fine</span> <span class='ocrx_word' id='word_1_141' title='bbox 438 2011 531 2075; x_wconf 88' lang='lat' dir='ltr'>huius</span> <span class='ocrx_word' id='word_1_142' title='bbox 547 2010 770 2097; x_wconf 86' lang='lat' dir='ltr'>disputationis</span> <span class='ocrx_word' id='word_1_143' title='bbox 787 2018 932 2096; x_wconf 89' lang='lat' dir='ltr'>superest</span> <span class='ocrx_word' id='word_1_144' title='bbox 954 2018 989 2072; x_wconf 91' lang='lat' dir='ltr'>ut</span> <span class='ocrx_word' id='word_1_145' title='bbox 1012 2032 1091 2094; x_wconf 88' lang='lat' dir='ltr'>quae</span> <span class='ocrx_word' id='word_1_146' title='bbox 1108 2009 1198 2074; x_wconf 90' lang='lat' dir='ltr'>nohis</span> <span class='ocrx_word' id='word_1_147' title='bbox 1215 2008 1360 2074; x_wconf 90' lang='lat' dir='ltr'>videmur</span> 
     </span>
     <span class='ocr_line' id='line_1_17' title="bbox 185 2115 1358 2204; baseline 0 -23"><span class='ocrx_word' id='word_1_148' title='bbox 185 2115 328 2181; x_wconf 76' lang='lat' dir='ltr'>ellbcisse</span> <span class='ocrx_word' id='word_1_149' title='bbox 352 2117 491 2183; x_wconf 89' lang='lat' dir='ltr'>breviter</span> <span class='ocrx_word' id='word_1_150' title='bbox 513 2118 824 2204; x_wconf 87' lang='lat' dir='ltr'>comprehendamus.</span> <span class='ocrx_word' id='word_1_151' title='bbox 870 2116 1057 2180; x_wconf 88' lang='lat' dir='ltr'>Plutarchus</span> <span class='ocrx_word' id='word_1_152' title='bbox 1085 2117 1182 2202; x_wconf 86' lang='lat' dir='ltr'>igitur</span> <span class='ocrx_word' id='word_1_153' title='bbox 1211 2117 1269 2181; x_wconf 88' lang='lat' dir='ltr'>etsi</span> <span class='ocrx_word' id='word_1_154' title='bbox 1295 2140 1358 2181; x_wconf 92' lang='lat' dir='ltr'>non</span> 
     </span>
     <span class='ocr_line' id='line_1_18' title="bbox 186 2223 1359 2309; baseline 0.001 -24"><span class='ocrx_word' id='word_1_155' title='bbox 186 2229 250 2286; x_wconf 87' lang='lat' dir='ltr'>tam</span> <span class='ocrx_word' id='word_1_156' title='bbox 266 2223 377 2286; x_wconf 91' lang='lat' dir='ltr'>intimo</span> <span class='ocrx_word' id='word_1_157' title='bbox 394 2224 546 2288; x_wconf 89' lang='lat' dir='ltr'>sermonis</span> <span class='ocrx_word' id='word_1_158' title='bbox 563 2223 668 2288; x_wconf 89' lang='lat' dir='ltr'>Latini</span> <span class='ocrx_word' id='word_1_159' title='bbox 685 2247 779 2288; x_wconf 90' lang='lat' dir='ltr'>sensu</span> <span class='ocrx_word' id='word_1_160' title='bbox 796 2232 890 2309; x_wconf 92' lang='lat' dir='ltr'>atque</span> <span class='ocrx_word' id='word_1_161' title='bbox 907 2223 1067 2288; x_wconf 88' lang='lat' dir='ltr'>intellectu</span> <span class='ocrx_word' id='word_1_162' title='bbox 1085 2223 1224 2288; x_wconf 87' lang='lat' dir='ltr'>imbutus</span> <span class='ocrx_word' id='word_1_163' title='bbox 1241 2231 1308 2288; x_wconf 85' lang='lat' dir='ltr'>erat</span> <span class='ocrx_word' id='word_1_164' title='bbox 1323 2231 1359 2286; x_wconf 89' lang='lat' dir='ltr'>ut</span> 
     </span>
     <span class='ocr_line' id='line_1_19' title="bbox 187 2329 1359 2416; baseline 0.002 -24"><span class='ocrx_word' id='word_1_165' title='bbox 187 2351 311 2393; x_wconf 90' lang='lat' dir='ltr'>omnem</span> <span class='ocrx_word' id='word_1_166' title='bbox 331 2329 398 2393; x_wconf 86' lang='lat' dir='ltr'>eius</span> <span class='ocrx_word' id='word_1_167' title='bbox 415 2331 601 2415; x_wconf 84' lang='lat' dir='ltr'>elegantiam</span> <span class='ocrx_word' id='word_1_168' title='bbox 618 2353 654 2394; x_wconf 92' lang='lat' dir='ltr'>ac</span> <span class='ocrx_word' id='word_1_169' title='bbox 671 2331 875 2394; x_wconf 88' lang='lat' dir='ltr'>subtilitatem</span> <span class='ocrx_word' id='word_1_170' title='bbox 892 2330 1018 2416; x_wconf 84' lang='lat' dir='ltr'>penitus</span> <span class='ocrx_word' id='word_1_171' title='bbox 1035 2331 1237 2416; x_wconf 86' lang='lat' dir='ltr'>perspiceret,</span> <span class='ocrx_word' id='word_1_172' title='bbox 1253 2338 1359 2395; x_wconf 85' lang='lat' dir='ltr'>tamen</span> 
     </span>
     <span class='ocr_line' id='line_1_20' title="bbox 187 2435 1359 2524; baseline 0.001 -25"><span class='ocrx_word' id='word_1_173' title='bbox 187 2436 314 2499; x_wconf 91' lang='lat' dir='ltr'>minime</span> <span class='ocrx_word' id='word_1_174' title='bbox 337 2435 405 2500; x_wconf 87' lang='lat' dir='ltr'>eius</span> <span class='ocrx_word' id='word_1_175' title='bbox 429 2435 508 2500; x_wconf 88' lang='lat' dir='ltr'>adeo</span> <span class='ocrx_word' id='word_1_176' title='bbox 531 2439 658 2522; x_wconf 85' lang='lat' dir='ltr'>ignarus</span> <span class='ocrx_word' id='word_1_177' title='bbox 682 2445 749 2502; x_wconf 92' lang='lat' dir='ltr'>erat</span> <span class='ocrx_word' id='word_1_178' title='bbox 771 2446 807 2500; x_wconf 87' lang='lat' dir='ltr'>nt</span> <span class='ocrx_word' id='word_1_179' title='bbox 821 2438 1006 2502; x_wconf 85' lang='lat' dir='ltr'>Latinorum</span> <span class='ocrx_word' id='word_1_180' title='bbox 1031 2437 1216 2524; x_wconf 89' lang='lat' dir='ltr'>scriptorum</span> <span class='ocrx_word' id='word_1_181' title='bbox 1233 2445 1359 2502; x_wconf 90' lang='lat' dir='ltr'>senten-</span> 
     </span>
     <span class='ocr_line' id='line_1_21' title="bbox 189 2543 1359 2632; baseline 0.002 -26"><span class='ocrx_word' id='word_1_182' title='bbox 189 2543 248 2606; x_wconf 89' lang='lat' dir='ltr'>tias</span> <span class='ocrx_word' id='word_1_183' title='bbox 272 2550 304 2606; x_wconf 86' lang='lat' dir='ltr'>et</span> <span class='ocrx_word' id='word_1_184' title='bbox 319 2543 512 2609; x_wconf 85' lang='lat' dir='ltr'>narrationes</span> <span class='ocrx_word' id='word_1_185' title='bbox 536 2566 598 2609; x_wconf 91' lang='lat' dir='ltr'>non</span> <span class='ocrx_word' id='word_1_186' title='bbox 617 2544 803 2632; x_wconf 88' lang='lat' dir='ltr'>perciperet.</span> <span class='ocrx_word' id='word_1_187' title='bbox 842 2543 924 2609; x_wconf 84' lang='lat' dir='ltr'>Sane</span> <span class='ocrx_word' id='word_1_188' title='bbox 948 2567 988 2608; x_wconf 90' lang='lat' dir='ltr'>ex</span> <span class='ocrx_word' id='word_1_189' title='bbox 1003 2551 1145 2610; x_wconf 76' lang='lat' dir='ltr'>ueterum</span> <span class='ocrx_word' id='word_1_190' title='bbox 1170 2546 1359 2631; x_wconf 89' lang='lat' dir='ltr'>scriptorum</span> 
     </span>
     <span class='ocr_line' id='line_1_22' title="bbox 188 2650 1358 2739; baseline 0 -25"><span class='ocrx_word' id='word_1_191' title='bbox 188 2650 414 2716; x_wconf 88' lang='lat' dir='ltr'>consuetudine</span> <span class='ocrx_word' id='word_1_192' title='bbox 430 2674 498 2716; x_wconf 89' lang='lat' dir='ltr'>eam</span> <span class='ocrx_word' id='word_1_193' title='bbox 514 2651 574 2717; x_wconf 89' lang='lat' dir='ltr'>sibi</span> <span class='ocrx_word' id='word_1_194' title='bbox 589 2653 733 2739; x_wconf 89' lang='lat' dir='ltr'>permisit</span> <span class='ocrx_word' id='word_1_195' title='bbox 746 2652 905 2718; x_wconf 90' lang='lat' dir='ltr'>licentiam</span> <span class='ocrx_word' id='word_1_196' title='bbox 925 2651 1008 2715; x_wconf 91' lang='lat' dir='ltr'>utin</span> <span class='ocrx_word' id='word_1_197' title='bbox 1023 2650 1193 2716; x_wconf 86' lang='lat' dir='ltr'>reddendis</span> <span class='ocrx_word' id='word_1_198' title='bbox 1209 2673 1288 2736; x_wconf 91' lang='lat' dir='ltr'>quae</span> <span class='ocrx_word' id='word_1_199' title='bbox 1312 2651 1358 2714; x_wconf 93' lang='lat' dir='ltr'>illi</span> 
     </span>
     <span class='ocr_line' id='line_1_23' title="bbox 188 2756 1358 2844; baseline 0.001 -23"><span class='ocrx_word' id='word_1_200' title='bbox 188 2757 333 2822; x_wconf 88' lang='lat' dir='ltr'>dixerant</span> <span class='ocrx_word' id='word_1_201' title='bbox 355 2759 453 2844; x_wconf 84' lang='lat' dir='ltr'>magis</span> <span class='ocrx_word' id='word_1_202' title='bbox 484 2760 670 2824; x_wconf 89' lang='lat' dir='ltr'>sententiam</span> <span class='ocrx_word' id='word_1_203' title='bbox 701 2783 795 2844; x_wconf 89' lang='lat' dir='ltr'>qnam</span> <span class='ocrx_word' id='word_1_204' title='bbox 825 2759 921 2824; x_wconf 88' lang='lat' dir='ltr'>verba</span> <span class='ocrx_word' id='word_1_205' title='bbox 944 2767 1140 2844; x_wconf 87' lang='lat' dir='ltr'>sequeretur,</span> <span class='ocrx_word' id='word_1_206' title='bbox 1171 2757 1201 2822; x_wconf 95' lang='lat' dir='ltr'>in</span> <span class='ocrx_word' id='word_1_207' title='bbox 1230 2756 1358 2822; x_wconf 88' lang='lat' dir='ltr'>brevius</span> 
     </span>
     <span class='ocr_line' id='line_1_24' title="bbox 187 2864 1358 2952; baseline -0.001 -24"><span class='ocrx_word' id='word_1_208' title='bbox 187 2867 386 2930; x_wconf 87' lang='lat' dir='ltr'>contraheret</span> <span class='ocrx_word' id='word_1_209' title='bbox 408 2889 487 2952; x_wconf 90' lang='lat' dir='ltr'>qnae</span> <span class='ocrx_word' id='word_1_210' title='bbox 510 2867 556 2930; x_wconf 93' lang='lat' dir='ltr'>illi</span> <span class='ocrx_word' id='word_1_211' title='bbox 578 2866 680 2931; x_wconf 83' lang='lat' dir='ltr'>fusius</span> <span class='ocrx_word' id='word_1_212' title='bbox 697 2869 926 2952; x_wconf 87' lang='lat' dir='ltr'>exposuissent,</span> <span class='ocrx_word' id='word_1_213' title='bbox 949 2887 1028 2951; x_wconf 87' lang='lat' dir='ltr'>quae</span> <span class='ocrx_word' id='word_1_214' title='bbox 1044 2865 1258 2952; x_wconf 89' lang='lat' dir='ltr'>compluribus</span> <span class='ocrx_word' id='word_1_215' title='bbox 1280 2864 1358 2928; x_wconf 88' lang='lat' dir='ltr'>locis</span> 
     </span>
     <span class='ocr_line' id='line_1_25' title="bbox 188 2971 1358 3061; baseline -0.003 -23"><span class='ocrx_word' id='word_1_216' title='bbox 188 2974 393 3061; x_wconf 88' lang='lat' dir='ltr'>protulissent</span> <span class='ocrx_word' id='word_1_217' title='bbox 422 2975 572 3038; x_wconf 89' lang='lat' dir='ltr'>inunum</span> <span class='ocrx_word' id='word_1_218' title='bbox 598 2975 801 3058; x_wconf 85' lang='lat' dir='ltr'>coniungeret</span> <span class='ocrx_word' id='word_1_219' title='bbox 808 2997 816 3052; x_wconf 91' lang='lat'>;</span> <span class='ocrx_word' id='word_1_220' title='bbox 847 2972 904 3037; x_wconf 92' lang='lat' dir='ltr'>sed</span> <span class='ocrx_word' id='word_1_221' title='bbox 934 2980 1097 3058; x_wconf 88' lang='lat' dir='ltr'>praeterea</span> <span class='ocrx_word' id='word_1_222' title='bbox 1123 2973 1156 3036; x_wconf 92' lang='lat' dir='ltr'>in</span> <span class='ocrx_word' id='word_1_223' title='bbox 1185 2971 1358 3037; x_wconf 90' lang='lat' dir='ltr'>levioribus</span> 
     </span>
     <span class='ocr_line' id='line_1_26' title="bbox 187 3079 1360 3167; baseline -0.002 -22"><span class='ocrx_word' id='word_1_224' title='bbox 187 3082 253 3145; x_wconf 86' lang='lat' dir='ltr'>fere</span> <span class='ocrx_word' id='word_1_225' title='bbox 276 3081 434 3167; x_wconf 88' lang='lat' dir='ltr'>discrepat</span> <span class='ocrx_word' id='word_1_226' title='bbox 463 3105 543 3167; x_wconf 91' lang='lat' dir='ltr'>quae</span> <span class='ocrx_word' id='word_1_227' title='bbox 567 3082 746 3146; x_wconf 87' lang='lat' dir='ltr'>memoriter</span> <span class='ocrx_word' id='word_1_228' title='bbox 775 3081 897 3166; x_wconf 89' lang='lat' dir='ltr'>prolata</span> <span class='ocrx_word' id='word_1_229' title='bbox 925 3081 989 3144; x_wconf 86' lang='lat' dir='ltr'>sint</span> <span class='ocrx_word' id='word_1_230' title='bbox 1012 3079 1063 3144; x_wconf 92' lang='lat' dir='ltr'>vel</span> <span class='ocrx_word' id='word_1_231' title='bbox 1085 3079 1280 3144; x_wconf 81' lang='lat' dir='ltr'>festinationi</span> <span class='ocrx_word' id='word_1_232' title='bbox 1305 3087 1360 3143; x_wconf 88' lang='lat' dir='ltr'>aut</span> 
     </span>
     <span class='ocr_line' id='line_1_27' title="bbox 188 3185 1359 3274; baseline -0.003 -23"><span class='ocrx_word' id='word_1_233' title='bbox 188 3187 325 3252; x_wconf 91' lang='lat' dir='ltr'>incuriae</span> <span class='ocrx_word' id='word_1_234' title='bbox 349 3188 444 3253; x_wconf 87' lang='lat' dir='ltr'>tribui</span> <span class='ocrx_word' id='word_1_235' title='bbox 467 3191 603 3274; x_wconf 90' lang='lat' dir='ltr'>possint,</span> <span class='ocrx_word' id='word_1_236' title='bbox 635 3211 743 3252; x_wconf 89' lang='lat' dir='ltr'>verum</span> <span class='ocrx_word' id='word_1_237' title='bbox 767 3187 919 3251; x_wconf 88' lang='lat' dir='ltr'>sermonis</span> <span class='ocrx_word' id='word_1_238' title='bbox 947 3186 1103 3252; x_wconf 84' lang='lat' dir='ltr'>inscitiam</span> <span class='ocrx_word' id='word_1_239' title='bbox 1130 3209 1192 3251; x_wconf 90' lang='lat' dir='ltr'>non</span> <span class='ocrx_word' id='word_1_240' title='bbox 1216 3185 1359 3272; x_wconf 88' lang='lat' dir='ltr'>prodant,</span> 
     </span>
     <span class='ocr_line' id='line_1_28' title="bbox 189 3291 1359 3380; baseline 0 -24"><span class='ocrx_word' id='word_1_241' title='bbox 189 3317 251 3379; x_wconf 92' lang='lat' dir='ltr'>qno</span> <span class='ocrx_word' id='word_1_242' title='bbox 275 3295 307 3356; x_wconf 89' lang='lat' dir='ltr'>in</span> <span class='ocrx_word' id='word_1_243' title='bbox 330 3317 459 3360; x_wconf 91' lang='lat' dir='ltr'>numero</span> <span class='ocrx_word' id='word_1_244' title='bbox 489 3303 564 3359; x_wconf 94' lang='lat' dir='ltr'>sunt</span> <span class='ocrx_word' id='word_1_245' title='bbox 592 3295 737 3359; x_wconf 88' lang='lat' dir='ltr'>diversae</span> <span class='ocrx_word' id='word_1_246' title='bbox 767 3317 817 3358; x_wconf 87' lang='lat' dir='ltr'>res</span> <span class='ocrx_word' id='word_1_247' title='bbox 847 3295 954 3380; x_wconf 88' lang='lat' dir='ltr'>paucis</span> <span class='ocrx_word' id='word_1_248' title='bbox 985 3292 1062 3358; x_wconf 90' lang='lat' dir='ltr'>locis</span> <span class='ocrx_word' id='word_1_249' title='bbox 1092 3292 1280 3357; x_wconf 86' lang='lat' dir='ltr'>commixtae</span> <span class='ocrx_word' id='word_1_250' title='bbox 1308 3291 1359 3356; x_wconf 88' lang='lat' dir='ltr'>vel</span> 
     </span>
     <span class='ocr_line' id='line_1_29' title="bbox 188 3400 1361 3487; baseline -0.001 -23"><span class='ocrx_word' id='word_1_251' title='bbox 188 3407 393 3487; x_wconf 85' lang='lat' dir='ltr'>permutatae.</span> <span class='ocrx_word' id='word_1_252' title='bbox 444 3402 579 3466; x_wconf 91' lang='lat' dir='ltr'>Duobus</span> <span class='ocrx_word' id='word_1_253' title='bbox 610 3408 730 3465; x_wconf 90' lang='lat' dir='ltr'>tantum</span> <span class='ocrx_word' id='word_1_254' title='bbox 761 3400 838 3465; x_wconf 92' lang='lat' dir='ltr'>locis</span> <span class='ocrx_word' id='word_1_255' title='bbox 868 3401 900 3464; x_wconf 92' lang='lat' dir='ltr'>in</span> <span class='ocrx_word' id='word_1_256' title='bbox 929 3401 1011 3466; x_wconf 89' lang='lat' dir='ltr'>vitae</span> <span class='ocrx_word' id='word_1_257' title='bbox 1035 3400 1197 3465; x_wconf 83' lang='lat' dir='ltr'>Ciceronis</span> <span class='ocrx_word' id='word_1_258' title='bbox 1227 3423 1253 3464; x_wconf 89' lang='lat' dir='ltr'>c.</span> <span class='ocrx_word' id='word_1_259' title='bbox 1278 3403 1296 3464; x_wconf 84' lang='lat' dir='ltr'>c</span> <span class='ocrx_word' id='word_1_260' title='bbox 1327 3405 1361 3463; x_wconf 91' lang='lat' dir='ltr'>et</span> 
     </span>
     <span class='ocr_line' id='line_1_30' title="bbox 189 3505 1360 3594; baseline -0.003 -20"><span class='ocrx_word' id='word_1_261' title='bbox 189 3508 320 3574; x_wconf 83' lang='lat' dir='ltr'>Catonis</span> <span class='ocrx_word' id='word_1_262' title='bbox 344 3509 470 3573; x_wconf 88' lang='lat' dir='ltr'>maioris</span> <span class='ocrx_word' id='word_1_263' title='bbox 501 3530 528 3573; x_wconf 90' lang='lat' dir='ltr'>c.</span> <span class='ocrx_word' id='word_1_264' title='bbox 552 3512 594 3574; x_wconf 84' lang='lat'>23</span> <span class='ocrx_word' id='word_1_265' title='bbox 626 3507 722 3573; x_wconf 89' lang='lat' dir='ltr'>verba</span> <span class='ocrx_word' id='word_1_266' title='bbox 751 3531 859 3594; x_wconf 88' lang='lat' dir='ltr'>parurn</span> <span class='ocrx_word' id='word_1_267' title='bbox 884 3516 969 3572; x_wconf 87' lang='lat' dir='ltr'>recte</span> <span class='ocrx_word' id='word_1_268' title='bbox 992 3507 1161 3587; x_wconf 85' lang='lat' dir='ltr'>intellexit,</span> <span class='ocrx_word' id='word_1_269' title='bbox 1190 3505 1274 3594; x_wconf 92' lang='lat' dir='ltr'>quod</span> <span class='ocrx_word' id='word_1_270' title='bbox 1306 3529 1360 3572; x_wconf 87' lang='lat' dir='ltr'>ex-</span> 
     </span>
     <span class='ocr_line' id='line_1_31' title="bbox 189 3615 690 3683; baseline 0 -3"><span class='ocrx_word' id='word_1_271' title='bbox 189 3617 382 3683; x_wconf 85' lang='lat' dir='ltr'>cusationem</span> <span class='ocrx_word' id='word_1_272' title='bbox 405 3616 520 3682; x_wconf 87' lang='lat' dir='ltr'>habere</span> <span class='ocrx_word' id='word_1_273' title='bbox 544 3615 690 3681; x_wconf 90' lang='lat' dir='ltr'>vidimus.</span> 
     </span>
    </p>

    <p class='ocr_par' dir='ltr' id='par_1_5' title="bbox 189 3719 1361 4244">
     <span class='ocr_line' id='line_1_32' title="bbox 296 3719 1361 3809; baseline -0.005 -20"><span class='ocrx_word' id='word_1_274' title='bbox 296 3724 421 3802; x_wconf 80' lang='lat' dir='ltr'>Quodsi</span> <span class='ocrx_word' id='word_1_275' title='bbox 441 3724 629 3789; x_wconf 86' lang='lat' dir='ltr'>Plutarchus</span> <span class='ocrx_word' id='word_1_276' title='bbox 652 3723 776 3809; x_wconf 86' lang='lat' dir='ltr'>linguae</span> <span class='ocrx_word' id='word_1_277' title='bbox 792 3723 925 3788; x_wconf 88' lang='lat' dir='ltr'>Latinae</span> <span class='ocrx_word' id='word_1_278' title='bbox 948 3721 988 3787; x_wconf 91' lang='lat' dir='ltr'>ad</span> <span class='ocrx_word' id='word_1_279' title='bbox 1011 3720 1239 3808; x_wconf 83' lang='lat' dir='ltr'>intellegendos</span> <span class='ocrx_word' id='word_1_280' title='bbox 1262 3719 1361 3806; x_wconf 91' lang='lat' dir='ltr'>scrip·</span> 
     </span>
     <span class='ocr_line' id='line_1_33' title="bbox 189 3826 1360 3918; baseline -0.005 -21"><span class='ocrx_word' id='word_1_281' title='bbox 189 3841 273 3898; x_wconf 88' lang='lat' dir='ltr'>tores</span> <span class='ocrx_word' id='word_1_282' title='bbox 297 3834 373 3896; x_wconf 88' lang='lat' dir='ltr'>satis</span> <span class='ocrx_word' id='word_1_283' title='bbox 397 3833 516 3918; x_wconf 90' lang='lat' dir='ltr'>peritus</span> <span class='ocrx_word' id='word_1_284' title='bbox 541 3840 616 3913; x_wconf 89' lang='lat' dir='ltr'>erat,</span> <span class='ocrx_word' id='word_1_285' title='bbox 638 3834 777 3918; x_wconf 86' lang='lat' dir='ltr'>graviter</span> <span class='ocrx_word' id='word_1_286' title='bbox 792 3830 934 3918; x_wconf 86' lang='lat' dir='ltr'>profecto</span> <span class='ocrx_word' id='word_1_287' title='bbox 958 3828 1148 3894; x_wconf 89' lang='lat' dir='ltr'>incusandns</span> <span class='ocrx_word' id='word_1_288' title='bbox 1167 3837 1261 3910; x_wconf 88' lang='lat' dir='ltr'>esset,</span> <span class='ocrx_word' id='word_1_289' title='bbox 1284 3826 1311 3893; x_wconf 91' lang='lat' dir='ltr'>si</span> <span class='ocrx_word' id='word_1_290' title='bbox 1327 3827 1360 3891; x_wconf 94' lang='lat' dir='ltr'>in</span> 
     </span>
     <span class='ocr_line' id='line_1_34' title="bbox 190 3937 1361 4004; baseline -0.004 0"><span class='ocrx_word' id='word_1_291' title='bbox 190 3939 352 4004; x_wconf 88' lang='lat' dir='ltr'>narrandis</span> <span class='ocrx_word' id='word_1_292' title='bbox 368 3940 581 4004; x_wconf 89' lang='lat' dir='ltr'>Romanorum</span> <span class='ocrx_word' id='word_1_293' title='bbox 604 3940 698 4004; x_wconf 88' lang='lat' dir='ltr'>rebus</span> <span class='ocrx_word' id='word_1_294' title='bbox 723 3939 774 4003; x_wconf 90' lang='lat' dir='ltr'>vel</span> <span class='ocrx_word' id='word_1_295' title='bbox 797 3937 1011 4002; x_wconf 89' lang='lat' dir='ltr'>describendis</span> <span class='ocrx_word' id='word_1_296' title='bbox 1036 3959 1143 4001; x_wconf 87' lang='lat' dir='ltr'>eornm</span> <span class='ocrx_word' id='word_1_297' title='bbox 1167 3937 1305 4001; x_wconf 89' lang='lat' dir='ltr'>moribus</span> <span class='ocrx_word' id='word_1_298' title='bbox 1328 3942 1361 3999; x_wconf 88' lang='lat' dir='ltr'>et</span> 
     </span>
     <span class='ocr_line' id='line_1_35' title="bbox 189 4043 1359 4131; baseline -0.004 -21"><span class='ocrx_word' id='word_1_299' title='bbox 189 4046 341 4112; x_wconf 85' lang='lat' dir='ltr'>institutis</span> <span class='ocrx_word' id='word_1_300' title='bbox 366 4067 420 4110; x_wconf 89' lang='lat' dir='ltr'>eos</span> <span class='ocrx_word' id='word_1_301' title='bbox 436 4047 606 4131; x_wconf 88' lang='lat' dir='ltr'>scriptores</span> <span class='ocrx_word' id='word_1_302' title='bbox 623 4045 814 4130; x_wconf 83' lang='lat' dir='ltr'>neglexisset</span> <span class='ocrx_word' id='word_1_303' title='bbox 829 4047 882 4131; x_wconf 91' lang='lat' dir='ltr'>qui</span> <span class='ocrx_word' id='word_1_304' title='bbox 899 4044 1038 4108; x_wconf 89' lang='lat' dir='ltr'>omnium</span> <span class='ocrx_word' id='word_1_305' title='bbox 1053 4045 1177 4108; x_wconf 90' lang='lat' dir='ltr'>illorum</span> <span class='ocrx_word' id='word_1_306' title='bbox 1193 4043 1359 4108; x_wconf 88' lang='lat' dir='ltr'>maximam</span> 
     </span>
     <span class='ocr_line' id='line_1_36' title="bbox 189 4149 1359 4244; baseline -0.006 -24"><span class='ocrx_word' id='word_1_307' title='bbox 189 4154 332 4244; x_wconf 90' lang='lat' dir='ltr'>peritiam</span> <span class='ocrx_word' id='word_1_308' title='bbox 356 4152 521 4219; x_wconf 83' lang='lat' dir='ltr'>habebant</span> <span class='ocrx_word' id='word_1_309' title='bbox 568 4151 639 4217; x_wconf 90' lang='lat' dir='ltr'>Hac</span> <span class='ocrx_word' id='word_1_310' title='bbox 668 4151 759 4240; x_wconf 89' lang='lat' dir='ltr'>eulpa</span> <span class='ocrx_word' id='word_1_311' title='bbox 789 4174 860 4216; x_wconf 87' lang='lat' dir='ltr'>eum</span> <span class='ocrx_word' id='word_1_312' title='bbox 889 4150 1085 4217; x_wconf 85' lang='lat' dir='ltr'>liberandum</span> <span class='ocrx_word' id='word_1_313' title='bbox 1114 4173 1184 4216; x_wconf 87' lang='lat' dir='ltr'>esse</span> <span class='ocrx_word' id='word_1_314' title='bbox 1214 4149 1359 4224; x_wconf 83' lang='lat' dir='ltr'>vidimus.</span> 
     </span>
    </p>
   </div>
   <div class='ocr_carea' id='block_1_3' title="bbox 0 0 1552 4732">
    <p class='ocr_par' dir='ltr' id='par_1_6' title="bbox 0 0 1552 4732">
     <span class='ocr_line' id='line_1_37' title="bbox 0 0 1552 4732; baseline 0 0"><span class='ocrx_word' id='word_1_315' title='bbox 0 0 1552 4732; x_wconf 95' lang='lat' dir='ltr'> </span> 
     </span>
    </p>
   </div>
  </div>
 </body>
</html>
