3086 4732
820 301 863 362 38

255 495 358 558 einem
387 489 556 561 ἅπτεσθαι
589 491 670 556 noch
702 515 766 558 von
796 495 899 557 einem
927 487 1079 576 εἴχοοθαι
1111 491 1169 556 des
1197 491 1362 571 Camillus,
1390 493 1428 576 ja

255 601 343 664 nicht
371 600 486 666 einmal
515 621 579 664 von
609 601 713 664 seiner
741 599 934 684 Gegenwart
963 601 1006 663 ist
1035 599 1103 664 hier
1131 597 1184 662 die
1211 597 1310 662 Rede.
1359 597 1428 662 Sed

256 708 349 772 nimis
372 707 476 771 obiter
497 706 549 770 hic
570 705 732 770 iudicavit.
783 707 867 770 Nam
893 705 973 770 illud
1001 705 1087 792 quod
1109 705 1297 770 Plutarchus
1320 714 1429 769 narrat

256 837 297 879 ex
323 813 447 879 duobus
475 813 561 877 Livii
587 814 777 878 testimoniis
804 813 882 877 mihi
909 812 1037 878 videtur
1064 814 1314 878 consarcinatum
1346 835 1428 892 esse,

256 944 297 985 ex
319 921 373 986 illc
388 919 474 1006 quod
497 943 592 1006 supra
614 921 732 1006 protuli
754 929 788 985 et
808 920 859 985 his
875 921 981 986 verbis
996 925 1132 1000 c21‚3:
1154 915 1200 984 ‘te
1220 919 1323 1000 simul,
1343 919 1429 983 Iuno

255 1029 373 1113 regina,
394 1051 475 1114 qnae
497 1049 583 1092 nunc
597 1027 701 1094 Veios
716 1028 804 1108 colis,
826 1050 940 1114 precor
953 1027 1128 1110 (Camillus)
1151 1036 1187 1091 ιιι
1208 1049 1267 1091 nos
1289 1029 1429 1092 victores

255 1137 290 1199 in
311 1144 452 1200 nestram
473 1144 561 1200 tuam
590 1157 665 1199 mcx
686 1135 827 1200 futuram
849 1135 959 1200 urbem
981 1157 1127 1220 sequare,
1156 1134 1211 1199 nbi
1237 1142 1270 1198 te
1296 1133 1431 1220 <lignum

256 1241 462 1329 amplitudine
490 1251 547 1307 tua
574 1242 727 1329 templum
753 1239 904 1328 accipiat?
958 1243 1050 1320 Quos
1079 1241 1161 1306 dnos
1189 1241 1277 1306 locos
1306 1264 1325 1304 a
1352 1241 1432 1305 Plu-

255 1351 366 1415 tarcho
387 1350 538 1415 confusos
560 1359 595 1415 et
616 1372 657 1414 ex
678 1351 829 1414 memoria
848 1349 990 1414 redditos
1013 1372 1084 1414 csse
1107 1350 1135 1414 si
1157 1357 1314 1436 putamus,
1336 1348 1431 1412 facile

255 1459 322 1522 fieri
345 1465 471 1544 poterat
492 1466 529 1521 ιιι
551 1456 733 1535 Camillum,
763 1457 818 1542 qui
839 1455 995 1521 Iunonem
1017 1456 1166 1543 precibus
1188 1455 1304 1535 adiret,
1333 1456 1431 1520 etiam

256 1573 362 1630 cetera
382 1564 424 1630 ad
447 1563 540 1629 deam
562 1563 719 1628 dicentem
742 1573 775 1628 et
796 1586 909 1628 manus
930 1562 1163 1643 admoventem,
1187 1586 1267 1649 qnae
1290 1562 1355 1627 fere
1378 1563 1431 1627 vis

256 1672 356 1737 verbo
378 1666 564 1757 ἁπτόμενον
587 1671 706 1750 subest,
727 1671 863 1751 faceret3
885 1693 988 1756 neque
1004 1671 1136 1736 verbum
1158 1666 1315 1754 el'yacllcu
1337 1669 1433 1756 quid-

257 1802 350 1866 quam
373 1802 393 1843 a
414 1778 564 1866 precandi
586 1779 685 1844 verbo
707 1777 825 1858 differt,
846 1801 910 1864 quo
932 1779 1046 1844 Livius
1069 1782 1159 1856 21‚3
1182 1780 1288 1841 utitin.
1332 1777 1432 1842 Prae-

257 1895 346 1951 terea
372 1881 525 1974 βούλεται
555 1888 611 1954 καὶ
642 1894 846 1974 ceramensi
874 1887 959 1952 idem
988 1887 1057 1952 sere
1087 1888 1195 1952 valent
1223 1895 1317 1972 atque
1340 1889 1431 1965 22‚5

258 1995 372 2060 verba:
391 1990 497 2058 ‘visne
509 2031 552 2043 —
564 1991 731 2073 adnuisse,’
756 2003 789 2059 et
803 1998 1039 2063 οιαακολοιθεῖ
1053 1995 1152 2059 verbo
1171 1990 1325 2079 ‘sequare'
1343 1996 1395 2072 21,
1410 1997 1431 2058 3

259 2103 378 2188 scripto
405 2100 639 2187 quodammodo
666 2100 795 2165 videtur
820 2100 1021 2187 respondere.
1073 2102 1167 2180 Quae
1195 2124 1268 2166 cum
1290 2103 1432 2180 itacius,

259 2208 463 2272 Plutarchum
485 2207 557 2272 illos
580 2206 661 2271 duos
676 2207 762 2272 [lvii
783 2208 872 2272 lccos
894 2210 1128 2273 consarcinasse
1146 2208 1346 2272 manifestum
1368 2207 1432 2271 iam

260 2323 318 2379 est
375 2314 525 2378 Ceterum
554 2315 698 2398 quamvis
727 2336 748 2379 a
776 2315 871 2378 Livio
900 2315 933 2378 in
962 2338 1066 2379 rernm
1097 2317 1273 2380 narratione
1303 2315 1432 2402 paulum

260 2421 429 2507 discrepet,
451 2421 491 2486 ab
513 2421 582 2485 eins
604 2421 762 2486 sententia
783 2444 845 2485 non
869 2425 997 2487 omnino
1012 2423 1140 2488 videtur
1157 2422 1352 2502 discessisse,
1373 2421 1432 2486 sed

260 2551 340 2614 quae
363 2527 490 2593 diversa
516 2528 652 2593 diversis
681 2529 760 2594 locis
782 2529 895 2594 Livius
925 2539 1106 2595 narraverat
1133 2530 1297 2595 brevitatis
1324 2528 1431 2594 studio

260 2635 374 2700 ductus
396 2659 507 2722 parum
529 2644 675 2701 accurate
697 2638 730 2700 in
753 2660 850 2701 unum
872 2637 1081 2704 coniunxisse.

367 2743 480 2808 Altero
511 2743 582 2808 loco
613 2745 726 2809 Livius
757 2745 937 2809 nominatur
967 2746 1000 2808 in
1033 2746 1118 2809 vitae
1149 2744 1294 2810 Marcelli
1320 2765 1347 2808 c.
1371 2747 1429 2806 11:

260 2852 408 2940 λέγονται
436 2849 497 2940 γὰρ
527 2848 611 2940 ὑπὲρ
641 2851 923 2935 πεντακισχιλίοις
945 2846 1146 2936 ἀποθανεῖν,
1176 2848 1365 2920 ἀποκτεῖναι
1392 2849 1428 2915 δὲ

263 3063 300 3136 οὗ
322 3070 571 3154 διαβεβαιοῦται
598 3066 748 3154 γενέσθαι
775 3067 917 3159 μεγάλην
944 3054 1039 3158 ἧτταν
1068 3061 1142 3136 οἶδὲ
1164 3073 1282 3136 πεσεῖν
1304 3063 1432 3152 νεκροὺς

262 3173 429 3254 τοσούτους
443 3180 506 3240 τῶν
521 3173 699 3259 πολεμίων,
723 3175 814 3254 κλέος
835 3176 872 3242 δὲ
894 3175 977 3261 μέγα
993 3175 1177 3264 Μαρκέλὺρ
1192 3175 1248 3242 καὶ
1259 3170 1433 3258 Ῥωμαίοις

263 3281 301 3347 ἐκ
329 3281 438 3346 manv
468 3277 592 3368 θάρσος
621 3275 693 3347 ἀπὸ
722 3284 778 3370 τῆς
806 3279 908 3373 μάχης
934 3280 1056 3372 ἒκιιίης
1079 3279 1221 3370 ὑπάρξαι
1245 3279 1433 3365 θαυμαστὸν

263 3382 322 3470 οὐχ
344 3379 389 3466 ὦς
411 3383 498 3473 πρὸς
520 3380 647 3471 α’μαχον
670 3380 744 3455 olda*
766 3381 934 3480 οῗὴιτητον,
958 3381 1042 3455 ἄλλα
1065 3416 1094 3456 τι
1116 3390 1171 3457 καὶ
1189 3394 1314 3455 παθεῖν
1337 3384 1432 3454 δονά-

262 3521 358 3580 μενον
379 3493 659 3581 διαγωνιζομένοις
680 3494 847 3578 πολέμιον.
892 3496 985 3573 Quae
1007 3518 1058 3560 res
1081 3519 1100 3560 a
1122 3496 1216 3559 Livio
1231 3493 1359 3559 XXIII
1383 3494 1433 3570 16,

266 3603 306 3665 15
319 3623 386 3686 sqq.
402 3600 448 3664 sic
463 3607 621 3666 narrat-ur:
643 3594 711 3665 ‘vix
734 3601 879 3687 equidem
894 3604 996 3667 ausim
1018 3602 1182 3666 adfirmare
1204 3598 1433 3688 quodquidam

264 3715 407 3772 auctores
430 3715 512 3787 sunt,
535 3706 599 3772 duo
621 3708 707 3772 milia
729 3718 763 3773 et
777 3712 974 3795 octingentos
997 3710 1135 3774 hostium
1157 3731 1268 3774 caesos
1284 3731 1346 3772 non
1362 3706 1432 3793 plus

264 3814 443 3900 quingentis
467 3815 680 3880 Romanorum
703 3817 845 3896 amissis;
875 3816 933 3882 sed
955 3818 1023 3881 sive
1046 3825 1133 3882 tanta
1155 3819 1224 3881 sive
1247 3816 1347 3880 maior
1368 3814 1433 3880 vic-

264 3924 345 3986 ton'a
371 3921 447 4002 fuit,
476 3922 585 4008 ingens
616 3945 655 3988 eo
684 3923 736 3989 die
765 3946 816 3988 res
839 3946 877 3988 ac
906 3925 1013 3989 nescio
1042 3947 1081 3988 an
1109 3927 1246 3989 maxima
1274 3923 1328 3988 illo
1351 3920 1433 3987 bello

264 4037 354 4116 gesta
376 4037 441 4109 est;
465 4052 526 4093 non
551 4031 635 4094 vinei
659 4031 742 4094 enim
766 4031 805 4094 ab
829 4030 1007 4097 Hannibale
1031 4041 1106 4096 tunc
1129 4032 1328 4096 uincentibus
1351 4027 1434 4094 diffi-

265 4138 355 4204 cilius
377 4136 438 4201 suit
461 4159 555 4226 quam
577 4146 689 4224 postea
711 4133 854 4204 uincere.¹
901 4140 994 4217 Quae
1009 4140 1095 4204 Livii
1119 4139 1216 4205 verba
1231 4135 1433 4202 Plutarchum
