3086 4732
699 332 740 395 19

612 424 825 431 *-

131 527 203 592 illos
226 525 354 591 retineri
377 527 470 592 iussit
477 551 485 606 ;
517 527 585 613 ipsc
616 549 726 592 omnes
756 527 862 613 copias
892 526 1004 590 castris
1034 523 1160 591 eduxit'
1208 523 1305 605 Quod

131 635 181 698 his
205 633 311 700 verbis
335 634 453 699 Caesar
476 633 515 698 de
539 633 710 720 Usipetum
735 640 768 698 et
790 633 1016 698 Tencterorum
1045 632 1176 720 perfidia
1204 642 1236 698 et
1266 632 1305 698 de

130 741 251 828 proelio
281 742 321 806 ab
348 741 388 805 iis
417 743 586 806 commisso
610 741 737 805 uberius
762 741 921 827 exposuit,
952 741 1019 806 eins
1049 741 1094 805 rei
1117 740 1305 807 Plutarchus

131 849 275 913 consulto
299 848 378 912 nihil
400 849 462 914 nisi
485 871 638 913 summam
662 847 790 914 videtur
811 845 989 914 reddidisse
1020 870 1058 913 ec
1081 848 1235 934 imprimis
1258 850 1306 912 in-

129 963 237 1020 tentus
269 964 305 1019 ut
338 955 496 1041 quomodo
527 956 645 1021 facturn
679 963 765 1020 esset
796 963 832 1018 ut
861 954 982 1020 illarum
1012 955 1152 1041 gentium
1183 956 1305 1040 legatos

131 1063 250 1127 Cacsar
281 1064 432 1128 retineret
463 1062 653 1128 ostenderet.
709 1061 808 1141 Quod
841 1062 1002 1148 scriptoris
1035 1063 1200 1128 consilium
1232 1061 1305 1128 inde

132 1171 332 1254 cognoscitur
359 1169 443 1255 quod
472 1172 579 1234 statim
607 1171 638 1233 in
669 1179 779 1234 senatu
803 1170 957 1235 Catonem
980 1171 1141 1235 censuisse
1164 1169 1307 1256 adiungit

132 1275 299 1341 Caesarem
333 1285 464 1363 propter
496 1277 617 1362 legatos
658 1283 798 1342 retentos
837 1277 978 1342 barbaris
1013 1276 1193 1342 dedendum
1227 1300 1306 1342 esse.

131 1382 212 1447 Cum
235 1395 340 1447 autem
363 1385 395 1446 in
418 1383 478 1448 hac
501 1384 699 1469 potissimum
725 1386 912 1448 narrationis
941 1392 1031 1471 parte
1060 1407 1094 1449 se
1122 1385 1306 1466 contineret,

129 1489 207 1554 nihil
236 1491 369 1577 protulit
397 1490 482 1576 quod
512 1513 531 1554 a
559 1491 706 1556 Caesaris
735 1491 913 1556 narratione
943 1490 1096 1556 discedat
1146 1492 1306 1570 Quoniam

129 1597 225 1682 igitur
254 1597 335 1662 hanc
366 1598 398 1661 in
429 1598 558 1663 brevius
590 1598 749 1663 contraxit
780 1599 910 1684 eiusque
942 1599 1012 1685 ipsa
1045 1599 1141 1664 verba
1173 1598 1306 1664 reddere

63 1694 66 1698 ⁵
129 1704 244 1784 noluit,
266 1728 341 1768 num
365 1706 432 1769 eius
456 1703 496 1770 de
520 1705 603 1770 bello
627 1705 751 1770 Gallico
775 1707 1029 1787 commentarios,
1057 1729 1137 1792 quos
1159 1706 1220 1771 hoc
1242 1729 1305 1772 uno

132 1809 203 1873 loco
226 1810 349 1895 allegat,
372 1814 441 1896 ipsa
464 1814 495 1874 in
520 1812 663 1877 manibus
686 1813 831 1878 habuerit
854 1813 1025 1878 diiudicare
1048 1837 1111 1878 non
1136 1814 1245 1880 audeo

240 1916 360 1982 Iterum
378 1917 545 1982 Caesarem
564 1927 724 1985 auctorem
743 1921 821 1984 citat
842 1920 861 1984 l.
878 1921 896 1984 l.
913 1943 938 1986 c.
950 1925 1002 2002 44,
1024 1944 1087 2007 quo
1110 1923 1180 1988 loco
1200 1947 1306 2010 pugna

133 2023 315 2090 Pharsalica
343 2033 500 2090 narratur:
536 2027 611 2095 ἐπεὶ
639 2028 675 2095 δὲ
702 2025 869 2118 σημαίνειν
896 2027 1025 2114 ἔμελλον
1049 2023 1226 2122 ἀμφότεροι
1249 2031 1306 2124 την

133 2131 264 2223 ἔφοδον,
289 2131 470 2224 Πομπήϊος
491 2134 550 2219 μὲν
574 2134 718 2202 ἐτέλεσσε
739 2133 814 2215 τοὺς
836 2131 977 2217 ὁπλίτας
1000 2135 1143 2220 ἑστῶτας
1165 2140 1197 2207 ἕν
1221 2168 1306 2229 προ-

129 2243 213 2330 βολῇ
235 2241 290 2308 ναὶ
313 2241 465 2326 μένοντας
488 2235 654 2331 ἀραρότως
677 2240 829 2325 δέχεσθαι
852 2242 910 2335 τὴν
925 2244 1109 2336 ἐπιδρομὴν
1123 2250 1187 2315 τῶν
1202 2252 1306 2317 πολε-

129 2346 226 2434 μίτον,
257 2348 350 2437 μέχρι
381 2340 420 2415 dv
450 2341 548 2416 ὖσσοῦ
574 2352 674 2438 βολῆς
704 2346 790 2430 έντός
819 2350 980 2436 γένωνται.
1027 2359 1158 2443 Καῖσαρ
1189 2357 1225 2422 δὲ
1249 2357 1306 2425 καὶ

131 2455 207 2544 περὶ
230 2458 322 2524 τοῦτο
346 2457 532 2543 διαμαρτεῖν
556 2479 654 2548 φησιν
678 2451 775 2524 αὐτὸν
791 2448 991 2547 ολγνοήσαντοι
1015 2458 1071 2549 τὴν
1088 2459 1170 2546 μετὰ
1186 2459 1305 2551 δρόμον

131 2562 189 2627 aul
213 2569 315 2651 φορᾶς
342 2563 374 2629 έν
402 2555 479 2652 ἀρχῇ
507 2564 674 2656 γινομένην
702 2560 849 2653 σύρραξιν
877 2560 921 2646 ὡς
947 2563 981 2632 έν
1008 2593 1043 2634 τε
1069 2575 1142 2648 ταῖς
1164 2572 1306 2660 πληγαῖς

132 2665 208 2752 βίον
230 2667 430 2761 προστίθησι
454 2670 511 2736 καὶ
534 2669 712 2738 συνεκκαίει
740 2668 796 2738 τὸν
819 2667 926 2756 θυμὸν
954 2673 990 2738 ἐκ
1018 2671 1152 2741 πάντων
1175 2671 1305 2766 ἀναρρι-

131 2771 313 2860 πιζόμενον.
358 2775 449 2840 Ηαεο
479 2774 520 2839 ad
550 2775 696 2841 Caesaris
727 2775 767 2841 dc
796 2777 880 2841 bello
910 2777 970 2842 civ.
990 2778 1047 2842 ΠΙ
1072 2783 1111 2844 92
1144 2791 1303 2867 spectant:

127 2877 199 2944 ‘sed
221 2881 391 2968 Pompeius
415 2883 481 2948 suis
505 2882 705 2969 praedixerat
728 2893 764 2948 ut
779 2884 924 2950 Caesaris
948 2885 1101 2973 impetum
1124 2890 1306 2975 exciperent

132 3008 233 3072 neque
257 3011 291 3053 sc
313 2989 382 3053 loco
405 2999 570 3057 moverent
592 2992 752 3077 aciemque
780 2992 848 3057 cius
872 2991 1003 3057 distrahi
1028 3001 1232 3081 paterentur.
1250 3046 1256 3062 .
1273 3046 1304 3062 ..

133 3093 217 3178 quod
248 3096 339 3160 nobis
369 3098 496 3183 quidem
529 3098 614 3163 nulla
646 3099 767 3163 ratione
799 3099 916 3163 factum
946 3122 965 3164 a
994 3100 1148 3189 Pompeio
1178 3103 1306 3170 videtur

129 3209 297 3288 pmpterea
332 3204 418 3291 quod
456 3214 505 3271 est
536 3204 691 3292 quaedam
728 3206 824 3271 animi
855 3206 998 3272 incitatio
1031 3215 1124 3296 atque
1159 3210 1303 3277 alacritas

129 3311 312 3376 naturaliter
334 3313 442 3377 innata
465 3314 619 3396 omnibus,
643 3336 722 3400 quae
742 3313 848 3379 studio
866 3336 990 3401 pugnae
1013 3316 1199 3383 incenditur.
1222 3320 1303 3385 hanc

128 3437 191 3478 non
215 3419 398 3502 reprimere,
429 3418 487 3483 sed
509 3443 623 3506 augere
646 3423 850 3508 imperatores
874 3417 1010 3488 debent'
1056 3424 1108 3488 Ex
1131 3426 1180 3490 his
1204 3450 1303 3513 paene

130 3518 170 3582 ad
194 3521 327 3585 verbum
349 3526 461 3588 vertit:
493 3522 679 3612 ‘Pompeius
707 3531 772 3593 suis
796 3529 997 3615 praedixerat
1018 3540 1053 3594 ut
1077 3531 1222 3597 Caesaris
1246 3534 1304 3598 im-

129 3633 238 3710 petum
261 3627 444 3715 exciperent
466 3651 567 3715 neque
591 3653 625 3695 se
649 3633 718 3696 loco
746 3632 919 3700 moverent
950 3637 995 3700 sic
1018 3638 1173 3704 scribens:
1207 3649 1303 3727 Πομ-

129 3730 231 3825 ντήϊος
263 3735 325 3820 μὲν
359 3737 505 3806 ἐκέλευσε
538 3735 612 3820 τούς
646 3733 785 3820 ὁπλίτας
819 3741 961 3824 ἑστῶτας
995 3744 1029 3810 έν
1063 3750 1212 3840 προβολῇ
1246 3750 1303 3817 καὶ

127 3842 283 3925 μένοντας
306 3843 473 3935 ἀραρότως
495 3846 647 3930 δέχεσθαι
671 3846 729 3937 τὴν
753 3847 935 3940 ἐπιδρομὴν
957 3853 1020 3917 τῶν
1043 3854 1218 3941 πολεμίων.
1263 3857 1301 3920 In

128 3947 255 4034 reliquis
279 3951 416 4016 liberius
433 3962 576 4018 versatus
600 3961 662 4035 est,
693 3953 750 4019 sed
780 3955 823 4020 ita
854 3964 890 4021 ut
912 3957 1090 4024 universam
1114 3966 1302 4028 sententiam

129 4057 204 4120 satis
236 4059 394 4125 retineret.
449 4061 532 4125 Nam
565 4061 650 4146 quod
685 4061 724 4127 de
760 4085 817 4128 suo
852 4063 975 4130 addidit
1007 4068 1101 4159 μέχρι
1133 4061 1172 4137 dv
1203 4064 1302 4139 ὑσσοῦ

127 4166 226 4255 βολῆς
248 4165 336 4248 ἑντός
358 4168 525 4254 γένωνται,
556 4169 616 4232 hoc
646 4171 677 4233 in
702 4171 888 4257 excipiendo
912 4175 1032 4260 impetu
1055 4197 1094 4238 cx
1117 4197 1151 4238 sc
1175 4175 1301 4260 quidem

1087 4298 1124 4350 2*
