3086 4732
609 399 823 408 ——-—.—

127 503 272 584 baberet,
303 526 383 589 ques
415 504 516 567 securi
549 524 756 588 percussurus
787 509 880 566 esset
910 507 977 566 tum
1007 501 1091 566 illam
1120 502 1202 566 inira
1229 525 1302 567 eum

126 611 332 675 accubantem
355 632 488 696 negasse
511 631 648 694 unquam
669 608 789 673 vidisse
804 631 992 694 quemquam
1010 609 1112 674 securi
1134 609 1301 673 ferientem

125 726 161 783 et
192 717 331 804 pervelle
368 716 400 781 id
434 715 552 782 videre.
593 715 644 780 hie
675 715 891 801 indulgentem
923 725 1095 780 amatorem
1132 739 1228 780 unum
1260 739 1300 780 ex

125 825 190 890 illis
218 824 341 889 miseris
373 823 487 888 attrahi
517 822 638 889 iussum
667 824 769 888 securi
799 816 1013 909 percussisse.>
1063 823 1170 888 Antea
1196 830 1302 887 autem

124 931 241 998 Livius
264 935 318 1012 48,
333 935 353 996 8
370 954 437 1016 sqq.
460 930 590 995 alteram
614 929 756 996 eiusdem
779 931 824 994 rei
846 931 1028 995 memoriam
1051 931 1181 995 rettulit.
1219 930 1301 996 Cum

13 1045 15 1062 ¹
124 1040 224 1124 igitur
245 1037 434 1103 Plutarchus
457 1046 551 1103 antea
573 1037 658 1103 idem
680 1037 792 1102 fecerit
814 1037 914 1118 Livii,
942 1045 979 1101 ut
1001 1037 1140 1102 vidimus
1151 1043 1171 1118 1,
1194 1045 1302 1103 aucto-

124 1147 253 1211 ritatem
276 1154 404 1210 secutus
428 1152 460 1210 et
482 1143 598 1210 deinde
621 1144 739 1231 pariter
753 1144 878 1212 Valerii
901 1145 1117 1209 testimonium
1140 1144 1300 1230 adiungat,

125 1253 189 1318 hoc
210 1274 335 1339 quoque
358 1275 430 1317 eum
453 1275 472 1316 a
493 1252 589 1318 Livio
612 1251 799 1338 repetivisse
822 1253 855 1315 in
878 1252 1045 1338 propatulo
1068 1260 1126 1316 est.

234 1359 407 1425 Tanusium
439 1359 610 1424 Geminum
638 1359 671 1422 in
701 1358 786 1425 vitae
816 1357 963 1424 Caesaris
990 1381 1018 1424 e.
1042 1363 1082 1424 22
1113 1359 1301 1426 Plutarchus

12 1535 13 1542 γ
125 1489 252 1533 narrare
275 1465 353 1531 dicit
376 1467 530 1532 Catonem
553 1467 585 1530 iu
609 1474 721 1531 senatu
743 1466 905 1531 censuisse
921 1464 1090 1531 Caesarem
1113 1466 1151 1531 iis
1175 1466 1302 1532 traden-

127 1574 204 1639 dum
227 1596 296 1639 esse
320 1572 460 1639 barbaris
484 1595 563 1658 quos
586 1596 644 1658 per
666 1572 804 1638 indutias
819 1595 987 1658 aggressus
1004 1582 1103 1654 esset;
1126 1573 1209 1640 idem
1232 1573 1301 1639 fere

131 1682 163 1744 in
186 1681 268 1746 vitae
285 1679 416 1746 Catonis
439 1703 466 1746 c.
479 1684 518 1745 51
544 1680 651 1760 refert,
674 1680 735 1744 uisi
758 1679 844 1766 quod
866 1679 927 1744 hoe
949 1681 1019 1745 loeo
1041 1681 1213 1746 Tanusium
1237 1703 1300 1746 nen

131 1788 277 1853 nominat
328 1789 403 1866 Qua
431 1788 464 1851 in
493 1810 527 1853 re
557 1810 628 1852 cum
658 1786 741 1852 inter
770 1810 805 1852 se
833 1788 1031 1852 consentiant
1058 1788 1245 1852 Plutarchus
1269 1797 1301 1853 et

128 1895 326 1981 Appianus2,
343 1895 546 1962 Thouretus8
564 1903 597 1960 et
612 1895 712 1960 Οῐὶο4
730 1917 793 1958 non
809 1896 914 1980 ipsum
929 1895 1103 1958 Tanusium
1120 1895 1300 1975 Geminum,

125 2001 184 2067 sed
204 2025 400 2068 communem
425 2001 583 2088 quendam
605 2003 768 2088 utriusque
791 2009 951 2066 auctorem
974 2000 1035 2066 sibi
1053 2002 1183 2086 tingunt,
1206 2024 1300 2086 quem

123 2109 306 2174 Thouretus
324 2110 360 2175 C.
373 2109 524 2196 Oppium,
542 2110 623 2175 Otto
639 2108 827 2174 Strabonem
841 2109 940 2174 fuisse
956 2116 1055 2194 putat.
1088 2107 1153 2173 Sed
1169 2108 1299 2173 Ottonis

123 2215 180 2281 illa
202 2216 365 2281 arbitraria
387 2217 468 2281 ratio
496 2239 589 2302 quam
612 2223 795 2302 sequuntur,
817 2239 879 2302 qua
902 2215 982 2280 duos
1006 2239 1109 2281 rerum
1133 2216 1300 2303 scriptores

122 2322 211 2388 idem
226 2323 441 2388 testimenium
457 2323 658 2410 perhibentes
681 2323 810 2388 tertium
830 2323 966 2409 aliquem
981 2345 1178 2388 communem
1193 2333 1301 2388 aucto-

122 2453 191 2495 rem
216 2439 341 2495 secutos
364 2453 434 2495 esse
458 2431 519 2495 sibi
542 2431 707 2517 persuasit,
730 2430 937 2517 improbanda
960 2439 1018 2496 cst.

233 2536 302 2601 Iam
327 2539 419 2602 venio
442 2536 483 2601 ad
506 2538 543 2602 L.
567 2537 750 2602 Cornelium
773 2537 907 2618 Sullam,
934 2540 989 2623 qui
1011 2537 1120 2602 XXII
1143 2560 1300 2603 commen·

123 2644 277 2709 tariorum
300 2644 388 2710 libris
412 2666 462 2709 res
485 2666 504 2708 a
527 2665 561 2708 se
584 2651 690 2729 gestas
713 2643 895 2730 descripsit,
924 2666 1003 2729 quos
1026 2645 1141 2708 Latine
1164 2644 1299 2732 scriptos

122 2750 225 2816 fuisse
247 2751 363 2816 Peter⁵
390 2750 629 2817 demonstravit.
674 2750 720 2815 Hi
748 2750 844 2836 igitur
871 2750 944 2815 libri
973 2759 1023 2815 ter
1051 2752 1083 2814 in
1113 2753 1179 2816 vita
1205 2752 1301 2816 Marii

124 2866 160 2923 et
188 2880 341 2944 persaepe
370 2859 402 2922 in
434 2859 501 2923 vita
530 2857 636 2923 Sullae
666 2864 957 2923 commemorantur.
1007 2860 1114 2944 Atque
1143 2859 1176 2922 in
1204 2859 1300 2923 Marii

127 2965 253 3049 quidem
278 2966 363 3030 vitae
386 2988 412 3030 c.
437 2970 478 3029 25
502 2965 691 3030 Plutarchus
714 2965 854 3029 Marium
881 2965 920 3030 ad
946 2965 1111 3033 Vercellas
1135 2967 1234 3030 aciem
1256 2967 1301 3029 ita

129 3069 301 3137 instituisse
317 3079 422 3136 narrat
444 3081 480 3136 ut
503 3072 564 3137 sibi
582 3062 681 3136 totam
697 3072 860 3137 victoriam
876 3071 1053 3137 vindicaret
1071 3095 1151 3138 neve
1168 3073 1300 3138 Catulus

123 3201 250 3265 pugnae
273 3188 329 3244 aut
351 3181 503 3245 victoriae
526 3179 684 3266 particeps
709 3186 806 3259 esset,
829 3178 925 3264 idque
949 3179 1077 3260 Sullam,
1101 3182 1155 3265 qui
1178 3181 1246 3266 ipse
1271 3182 1300 3244 ei

122 3308 250 3372 pugnae
273 3286 465 3367 interfuerit,
493 3287 645 3374 scriptum
668 3287 842 3372 reliquisse.
888 3286 1008 3351 Sullam
1036 3286 1113 3352 haee
1136 3288 1299 3374 scripsisse

123 3415 165 3458 eo
188 3393 287 3479 magis
311 3402 432 3459 certum
455 3394 612 3481 estquod
635 3394 758 3459 Marius
781 3396 820 3458 iis
843 3394 983 3479 graviter
1005 3395 1193 3481 increpatur.

234 3625 305 3680 ²cf.
325 3643 409 3697 supra
427 3644 453 3697 p.
473 3628 516 3682 43.

234 3715 284 3769 ὀ.
305 3717 339 3770 18
365 3716 396 3768 ἐκ
420 3723 465 3784 τῆς
488 3716 633 3783 Κελτικῆςτ
659 3715 773 3768 Κάτωνα
792 3714 822 3768 δὲ
840 3715 868 3768 ἓν
883 3716 974 3783 Ῥώμῃ
999 3721 1052 3768 τῶν
1070 3735 1107 3772 τις
1126 3714 1300 3783 συγγραφέων

123 3803 193 3872 φησὶ
211 3805 319 3873 γνώμην
338 3805 482 3874 ἐσενεγκεῖν
500 3806 624 3859 ἐκδοῦναι
643 3813 696 3863 τοῖς
709 3804 856 3874 βαρβάροις
875 3804 919 3858 τὸν
933 3805 1055 3872 Καίσαρα
1072 3804 1109 3863 ὡς
1123 3803 1211 3872 ἐναγὲς
1225 3805 1300 3872 ἔργον

123 3892 152 3951 ἐς
171 3894 459 3963 ὅιαπρεσβεοσαμὲνους
478 3894 662 3964 ἐργασάμενον.

234 3983 406 4055 ‘'Leipziger
424 3983 542 4040 Studien
561 3983 577 4037 1
595 4002 622 4055 p.
642 3984 695 4038 350
712 4000 770 4053 sqq.

232 4072 295 4127 ⁴1..
314 4073 332 4127 l.
352 4091 378 4144 p.
397 4075 449 4129 285
469 4091 527 4146 sqq.

233 4161 244 4192 ⁵
263 4161 294 4216 L.
313 4163 332 4218 l.
350 4181 377 4235 p.
396 4162 614 4218 CCLXXVIII.
