3086 4732
781 269 822 329 28

695 359 874 366 -———..
891 359 908 365 .-

218 459 305 524 ducit
320 459 477 524 dicentem
495 463 525 524 in
543 460 674 525 Catonis
691 463 831 525 oratione
855 461 1005 546 scriptum
1030 483 1100 526 esse
1119 463 1285 546 captivum
1312 460 1404 524 illum

217 576 362 631 necatum
385 567 547 654 perfugam
570 567 687 646 fuisse;
718 568 806 631 cuius
830 568 1002 633 testimonii
1031 567 1123 632 fidem
1153 575 1189 631 ut
1218 568 1405 647 imminuat,

217 673 277 738 hoc
300 673 404 738 addit:
437 677 529 741 τοῦτο
552 675 610 759 μὲν
634 667 688 742 οἷν
711 672 796 754 εἷκδς
819 674 864 754 εἰς
887 674 1032 742 δείνωσιν
1056 674 1208 765 εἰρῆσθαι
1234 679 1297 765 τῆς
1322 703 1405 743 κατ-

219 780 348 871 ηγορίας
373 776 439 848 διεδ
465 785 519 847 τοῦ
544 779 709 862 Κάτωνος·
734 778 780 848 δτι
808 783 843 848 δὲ
868 775 927 848 cria
951 778 1130 866 αὐτόμολος
1153 774 1204 872 ἦν,
1230 778 1322 849 ἀλλὰ
1348 786 1405 850 δε-

217 885 344 979 σμώτης
367 883 586 976 ὃδναιρεδεὶς
609 890 662 956 καὶ
689 889 801 955 ἐκτῶν
822 887 1007 955 καταδίκων
1031 883 1122 955 ἶν’λλοι
1139 915 1174 956 τε
1191 891 1318 956 πολλοὶ
1347 891 1406 956 καὶ

218 995 366 1082 Κικέρων
391 991 529 1084 ὁρήτωρ
554 996 586 1062 ἐν
609 1001 653 1083 τῳ
677 997 753 1084 περὶ
777 993 881 1084 γήρως
904 989 992 1084 αὐτῷ
1016 993 1145 1063 Κάτωνι
1171 993 1226 1086 τὴν
1247 996 1406 1088 διήγησιν

219 1093 354 1182 ἀναθεὶς
376 1098 506 1192 εἴρηκεν.
555 1100 718 1166 Simillime
743 1103 773 1164 in
798 1103 884 1165 vitae
903 1101 1039 1170 ,Catonis
1063 1104 1189 1166 maioris
1213 1125 1239 1166 c.
1260 1106 1315 1182 17,
1347 1104 1405 1168 ubi

218 1207 350 1272 eandem
382 1231 448 1272 rem
481 1209 626 1294 exponit,
659 1208 844 1273 Ciceronem
876 1216 989 1272 testem
1022 1208 1144 1273 laudat:
1185 1209 1212 1276 ol
1247 1212 1312 1294 μὲν
1348 1203 1405 1278 οὖν

218 1317 369 1382 νιλεῖοτοι
395 1321 502 1382 ταῦτα
521 1315 677 1405 ὶστοροῖοι
703 1316 759 1382 καὶ
787 1311 858 1403 δγε
882 1316 1026 1404 Κικέρων
1049 1312 1145 1384 αότδν
1174 1317 1227 1384 τόν
1250 1315 1405 1386 Κάτωνα

219 1419 423 1514 διηγούμενον
451 1423 485 1489 ἐν
511 1426 557 1510 τῷ
586 1424 661 1510 περὶ
692 1421 795 1512 γήρως
825 1421 965 1510 διαλόγῳ
996 1421 1187 1516 πεποίηκεν.
1238 1423 1290 1488 Re
1321 1447 1405 1490 vera

219 1527 331 1592 Cicero
354 1529 373 1592 l.
396 1528 416 1591 l.
442 1532 496 1607 12,
519 1532 561 1592 42
593 1528 747 1593 Catonem
778 1528 908 1593 eandem
940 1551 1005 1594 rem
1035 1529 1111 1593 facit
1140 1538 1324 1596 narrantem
1350 1531 1403 1595 his

219 1635 338 1699 verbis:
376 1630 506 1700 ‘invitus
537 1635 598 1700 feci
632 1643 668 1699 ut
698 1636 863 1700 fortissimi
897 1636 957 1699 viri
986 1636 1024 1700 T.
1051 1636 1220 1700 Flaminini
1250 1637 1403 1719 fratrem,

218 1741 256 1805 L.
283 1741 508 1823 Flamininum,
541 1765 559 1806 e
589 1752 699 1806 senatu
731 1744 875 1807 eiicerem
905 1751 1026 1828 septem
1062 1744 1151 1807 annis
1187 1752 1260 1829 post
1299 1769 1402 1830 quarn

219 1849 327 1913 consul
350 1849 475 1929 fuisset,
506 1849 562 1914 sed
591 1849 758 1914 notandam
788 1851 896 1936 putavi
920 1849 1092 1914 libidinem.
1116 1851 1167 1914 ille
1192 1851 1289 1930 enim,
1323 1875 1400 1916 oum

219 1965 304 2021 esset
333 1957 440 2021 consul
472 1958 502 2020 in
528 1956 646 2036 Gallia,
678 1965 825 2021 exoratus
855 1958 886 2020 in
912 1958 1059 2022 convivio
1092 1980 1110 2020 a
1140 1965 1243 2021 scorto
1276 1969 1330 2023 est
1363 1969 1401 2023 ut

219 2065 320 2128 securi
342 2066 453 2130 feriret
475 2065 609 2148 aliquem
634 2087 741 2128 eorum
764 2064 818 2148 qui
841 2065 872 2126 in
898 2065 1030 2127 vinculis
1054 2071 1160 2128 essent
1183 2063 1324 2130 damnati
1350 2067 1399 2131 rei

219 2165 379 2256 capitalia.³
426 2169 585 2236 Videmus
615 2169 711 2254 igitur
740 2169 942 2233 Plutarchum
967 2169 1112 2234 Ciceroni
1145 2170 1222 2233 nihil
1252 2173 1397 2238 tribuere

219 2275 304 2360 quod
327 2275 411 2363 apud
436 2299 505 2339 eum
530 2297 591 2338 non
615 2275 809 2354 inveniatur;
838 2284 968 2361 uterque
992 2278 1075 2340 enim
1099 2279 1232 2363 scriptor
1254 2279 1396 2365 aliquem

219 2405 327 2447 eorum
356 2390 501 2446 necatum
531 2404 601 2446 esse
632 2381 728 2445 tradit
757 2382 809 2467 qui
840 2384 871 2446 in
897 2383 1031 2447 vinculis
1053 2383 1171 2448 fuerint
1194 2386 1394 2478 (δεσμώτης)

219 2489 357 2552 damnati
381 2489 426 2552 rei
442 2488 583 2574 capitalis
608 2489 659 2571 (ἐκ
685 2493 744 2555 τῶν
767 2489 975 2572 καταδίκων),
999 2489 1083 2575 quod
1107 2490 1190 2554 idem
1214 2493 1394 2572 ostendere,

219 2603 255 2658 ut
277 2595 361 2659 Livii
385 2595 539 2660 refutaret
560 2597 751 2673 memoriam,
775 2596 935 2661 Plutarchi
959 2621 1054 2662 unum
1078 2620 1157 2684 opus
1181 2607 1256 2663 erat.
1297 2600 1392 2675 Quae

219 2712 380 2788 praeterea
396 2702 508 2767 Cicero
524 2703 620 2767 tradit
635 2711 777 2788 repetere
793 2704 952 2768 Plutarchi
976 2728 1038 2768 non
1062 2705 1219 2783 intererat,
1242 2704 1391 2788 quoniam

219 2809 323 2896 ipsum
346 2810 514 2873 Flaminini
538 2809 661 2874 facinus
689 2810 792 2874 fusius
820 2811 882 2874 iam
909 2820 1145 2876 memoraverat.
1190 2809 1269 2872 Cum
1293 2807 1389 2892 igitur

220 2915 382 2982 Ciceronis
421 2916 634 2981 testimonium
671 2916 767 2980 Livio
811 2915 927 2981 diserte
971 2927 1111 3004 opponat
1148 2913 1390 3002 discrepantiam

220 3023 367 3088 distinete
399 3024 590 3109 significans,
622 3023 785 3088 Ciceronis
817 3026 914 3090 verba
943 3026 971 3090 ei
1002 3033 1074 3089 ante
1105 3025 1212 3088 oculos
1243 3022 1392 3088 videntur

219 3130 332 3210 fuisse,
360 3132 543 3216 praesertim
567 3153 638 3194 cum
666 3132 698 3194 in
722 3130 787 3195 vita
811 3130 941 3195 Catonis
966 3133 998 3196 ὲν
1022 3134 1064 3216 τῷ
1088 3131 1166 3215 περὶ
1189 3128 1293 3215 γήρως
1316 3132 1390 3193 δια-

220 3234 303 3323 λόγῳ
327 3234 404 3298 illud
429 3236 591 3300 Ciceronis
615 3237 764 3320 scriptum
788 3236 886 3299 fuisse
910 3254 1058 3318 expresse
1082 3233 1272 3316 pronuntiet.

327 3341 436 3404 Minus
460 3349 579 3404 certum
596 3348 644 3404 est
660 3363 733 3403 num
750 3341 844 3403 etiam
862 3338 1125 3402 Academicorum
1143 3336 1240 3400 libros
1257 3341 1391 3419 noverit,

187 3523 189 3528 ¹
221 3450 337 3536 quippe
361 3446 401 3511 de
424 3446 538 3532 quibus
562 3446 639 3510 haec
661 3454 782 3510 tantum
807 3451 959 3509 memoret
981 3444 1013 3507 in
1038 3444 1122 3508 vitae
1144 3444 1270 3509 Luculli
1291 3468 1317 3509 c.
1333 3451 1390 3510 42:

222 3557 277 3624 καὶ
300 3551 491 3643 σύγγραμμά
515 3577 549 3640 γε
571 3550 742 3640 πάγκαλον
765 3551 917 3644 ἐποίησεν
940 3550 985 3633 εἰς
1008 3549 1064 3642 τὴν
1087 3554 1219 3639 αἵρεσιν,
1243 3553 1275 3619 ἐν
1294 3543 1321 3642 ᾧ
1335 3552 1391 3621 τὸν

221 3659 305 3751 indo
328 3665 383 3750 τῆς
407 3659 621 3752 καταλήψεως
643 3659 738 3747 λόγον
755 3659 955 3748 Λουκούλλῳ
978 3659 1218 3747 περιτέθεικεν,
1247 3657 1333 3748 αὑτῷ
1355 3659 1390 3725 δὲ

221 3767 276 3838 τὸν
300 3767 458 3837 ἐναντίον·
483 3767 691 3848 Λούκουλλος
714 3763 748 3835 δ’
766 3763 1007 3855 ἀναγέγραπται
1031 3765 1068 3833 τὸ
1090 3765 1226 3853 βιβλίον.
1264 3765 1390 3844 Quibus

223 3877 327 3942 verbis
351 3897 413 3960 quo
436 3874 567 3939 consilio
591 3874 703 3939 Cicero
726 3875 797 3938 illos
820 3874 918 3938 libros
941 3874 1153 3959 composuerit
1174 3873 1306 3952 indicat3
1335 3871 1390 3937 sed

222 4007 291 4048 cum
315 3983 405 4069 plura
428 4003 466 4045 ex
491 3981 529 4044 iis
553 4004 615 4045 non
639 3981 790 4066 proferat,
820 4002 896 4044 num
918 3981 986 4067 ipse
1010 4003 1064 4045 eos
1087 3981 1199 4066 legerit
1220 3979 1391 4043 diiudicare

222 4115 285 4156 non
307 4088 418 4154 audeo.
